%YAML 1.1
%TAG !u! tag:unity3d.com,2011:
--- !u!29 &1
OcclusionCullingSettings:
  m_ObjectHideFlags: 0
  serializedVersion: 2
  m_OcclusionBakeSettings:
    smallestOccluder: 5
    smallestHole: 0.25
    backfaceThreshold: 100
  m_SceneGUID: 00000000000000000000000000000000
  m_OcclusionCullingData: {fileID: 0}
--- !u!104 &2
RenderSettings:
  m_ObjectHideFlags: 0
  serializedVersion: 9
  m_Fog: 0
  m_FogColor: {r: 0.5, g: 0.5, b: 0.5, a: 1}
  m_FogMode: 3
  m_FogDensity: 0.01
  m_LinearFogStart: 0
  m_LinearFogEnd: 300
  m_AmbientSkyColor: {r: 0.212, g: 0.227, b: 0.259, a: 1}
  m_AmbientEquatorColor: {r: 0.114, g: 0.125, b: 0.133, a: 1}
  m_AmbientGroundColor: {r: 0.047, g: 0.043, b: 0.035, a: 1}
  m_AmbientIntensity: 1
  m_AmbientMode: 3
  m_SubtractiveShadowColor: {r: 0.42, g: 0.478, b: 0.627, a: 1}
  m_SkyboxMaterial: {fileID: 0}
  m_HaloStrength: 0.5
  m_FlareStrength: 1
  m_FlareFadeSpeed: 3
  m_HaloTexture: {fileID: 0}
  m_SpotCookie: {fileID: 10001, guid: 0000000000000000e000000000000000, type: 0}
  m_DefaultReflectionMode: 0
  m_DefaultReflectionResolution: 128
  m_ReflectionBounces: 1
  m_ReflectionIntensity: 1
  m_CustomReflection: {fileID: 0}
  m_Sun: {fileID: 0}
  m_IndirectSpecularColor: {r: 0, g: 0, b: 0, a: 1}
  m_UseRadianceAmbientProbe: 0
--- !u!157 &3
LightmapSettings:
  m_ObjectHideFlags: 0
  serializedVersion: 12
  m_GIWorkflowMode: 1
  m_GISettings:
    serializedVersion: 2
    m_BounceScale: 1
    m_IndirectOutputScale: 1
    m_AlbedoBoost: 1
    m_EnvironmentLightingMode: 0
    m_EnableBakedLightmaps: 0
    m_EnableRealtimeLightmaps: 0
  m_LightmapEditorSettings:
    serializedVersion: 12
    m_Resolution: 2
    m_BakeResolution: 40
    m_AtlasSize: 1024
    m_AO: 0
    m_AOMaxDistance: 1
    m_CompAOExponent: 1
    m_CompAOExponentDirect: 0
    m_ExtractAmbientOcclusion: 0
    m_Padding: 2
    m_LightmapParameters: {fileID: 0}
    m_LightmapsBakeMode: 1
    m_TextureCompression: 1
    m_FinalGather: 0
    m_FinalGatherFiltering: 1
    m_FinalGatherRayCount: 256
    m_ReflectionCompression: 2
    m_MixedBakeMode: 2
    m_BakeBackend: 0
    m_PVRSampling: 1
    m_PVRDirectSampleCount: 32
    m_PVRSampleCount: 500
    m_PVRBounces: 2
    m_PVREnvironmentSampleCount: 500
    m_PVREnvironmentReferencePointCount: 2048
    m_PVRFilteringMode: 2
    m_PVRDenoiserTypeDirect: 0
    m_PVRDenoiserTypeIndirect: 0
    m_PVRDenoiserTypeAO: 0
    m_PVRFilterTypeDirect: 0
    m_PVRFilterTypeIndirect: 0
    m_PVRFilterTypeAO: 0
    m_PVREnvironmentMIS: 0
    m_PVRCulling: 1
    m_PVRFilteringGaussRadiusDirect: 1
    m_PVRFilteringGaussRadiusIndirect: 5
    m_PVRFilteringGaussRadiusAO: 2
    m_PVRFilteringAtrousPositionSigmaDirect: 0.5
    m_PVRFilteringAtrousPositionSigmaIndirect: 2
    m_PVRFilteringAtrousPositionSigmaAO: 1
    m_ExportTrainingData: 0
    m_TrainingDataDestination: TrainingData
    m_LightProbeSampleCountMultiplier: 4
  m_LightingDataAsset: {fileID: 0}
  m_LightingSettings: {fileID: 0}
--- !u!196 &4
NavMeshSettings:
  serializedVersion: 2
  m_ObjectHideFlags: 0
  m_BuildSettings:
    serializedVersion: 2
    agentTypeID: 0
    agentRadius: 0.5
    agentHeight: 2
    agentSlope: 45
    agentClimb: 0.4
    ledgeDropHeight: 0
    maxJumpAcrossDistance: 0
    minRegionArea: 2
    manualCellSize: 0
    cellSize: 0.16666667
    manualTileSize: 0
    tileSize: 256
    accuratePlacement: 0
    maxJobWorkers: 0
    preserveTilesOutsideBounds: 0
    debug:
      m_Flags: 0
  m_NavMeshData: {fileID: 0}
--- !u!224 &7291232 stripped
RectTransform:
  m_CorrespondingSourceObject: {fileID: 6161298437321959933, guid: e699be60c7e6d434d8195fd5b0b0742d, type: 3}
  m_PrefabInstance: {fileID: 6161298437323221149}
  m_PrefabAsset: {fileID: 0}
--- !u!114 &7291236 stripped
MonoBehaviour:
  m_CorrespondingSourceObject: {fileID: 6432113534139437417, guid: e699be60c7e6d434d8195fd5b0b0742d, type: 3}
  m_PrefabInstance: {fileID: 6161298437323221149}
  m_PrefabAsset: {fileID: 0}
  m_GameObject: {fileID: 0}
  m_Enabled: 1
  m_EditorHideFlags: 0
  m_Script: {fileID: 11500000, guid: a3adbd81da5eb52479ecc2f6176d7f0a, type: 3}
  m_Name: 
  m_EditorClassIdentifier: 
--- !u!1 &59439163
GameObject:
  m_ObjectHideFlags: 0
  m_CorrespondingSourceObject: {fileID: 0}
  m_PrefabInstance: {fileID: 0}
  m_PrefabAsset: {fileID: 0}
  serializedVersion: 6
  m_Component:
  - component: {fileID: 59439164}
  - component: {fileID: 59439167}
  - component: {fileID: 59439166}
  - component: {fileID: 59439165}
  m_Layer: 5
  m_Name: Canvas
  m_TagString: Untagged
  m_Icon: {fileID: 0}
  m_NavMeshLayer: 0
  m_StaticEditorFlags: 0
  m_IsActive: 1
--- !u!224 &59439164
RectTransform:
  m_ObjectHideFlags: 0
  m_CorrespondingSourceObject: {fileID: 0}
  m_PrefabInstance: {fileID: 0}
  m_PrefabAsset: {fileID: 0}
  m_GameObject: {fileID: 59439163}
  m_LocalRotation: {x: 0, y: 0, z: 0, w: 1}
  m_LocalPosition: {x: 0, y: 0, z: 0}
  m_LocalScale: {x: 0, y: 0, z: 0}
  m_Children:
  - {fileID: 464383753}
  - {fileID: 596862341}
  m_Father: {fileID: 0}
  m_RootOrder: 0
  m_LocalEulerAnglesHint: {x: 0, y: 0, z: 0}
  m_AnchorMin: {x: 0, y: 0}
  m_AnchorMax: {x: 0, y: 0}
  m_AnchoredPosition: {x: 0, y: 0}
  m_SizeDelta: {x: 0, y: 0}
  m_Pivot: {x: 0, y: 0}
--- !u!114 &59439165
MonoBehaviour:
  m_ObjectHideFlags: 0
  m_CorrespondingSourceObject: {fileID: 0}
  m_PrefabInstance: {fileID: 0}
  m_PrefabAsset: {fileID: 0}
  m_GameObject: {fileID: 59439163}
  m_Enabled: 1
  m_EditorHideFlags: 0
  m_Script: {fileID: 11500000, guid: dc42784cf147c0c48a680349fa168899, type: 3}
  m_Name: 
  m_EditorClassIdentifier: 
  m_IgnoreReversedGraphics: 1
  m_BlockingObjects: 0
  m_BlockingMask:
    serializedVersion: 2
    m_Bits: 4294967295
--- !u!114 &59439166
MonoBehaviour:
  m_ObjectHideFlags: 0
  m_CorrespondingSourceObject: {fileID: 0}
  m_PrefabInstance: {fileID: 0}
  m_PrefabAsset: {fileID: 0}
  m_GameObject: {fileID: 59439163}
  m_Enabled: 1
  m_EditorHideFlags: 0
  m_Script: {fileID: 11500000, guid: 0cd44c1031e13a943bb63640046fad76, type: 3}
  m_Name: 
  m_EditorClassIdentifier: 
  m_UiScaleMode: 1
  m_ReferencePixelsPerUnit: 100
  m_ScaleFactor: 1
  m_ReferenceResolution: {x: 1080, y: 1920}
  m_ScreenMatchMode: 0
  m_MatchWidthOrHeight: 0
  m_PhysicalUnit: 3
  m_FallbackScreenDPI: 96
  m_DefaultSpriteDPI: 96
  m_DynamicPixelsPerUnit: 1
  m_PresetInfoIsWorld: 0
--- !u!223 &59439167
Canvas:
  m_ObjectHideFlags: 0
  m_CorrespondingSourceObject: {fileID: 0}
  m_PrefabInstance: {fileID: 0}
  m_PrefabAsset: {fileID: 0}
  m_GameObject: {fileID: 59439163}
  m_Enabled: 1
  serializedVersion: 3
  m_RenderMode: 0
  m_Camera: {fileID: 0}
  m_PlaneDistance: 100
  m_PixelPerfect: 0
  m_ReceivesEvents: 1
  m_OverrideSorting: 0
  m_OverridePixelPerfect: 0
  m_SortingBucketNormalizedSize: 0
  m_AdditionalShaderChannelsFlag: 25
  m_SortingLayerID: 0
  m_SortingOrder: 0
  m_TargetDisplay: 0
--- !u!1001 &92116107
PrefabInstance:
  m_ObjectHideFlags: 0
  serializedVersion: 2
  m_Modification:
    m_TransformParent: {fileID: 1754560873}
    m_Modifications:
    - target: {fileID: 1407809671914000824, guid: 50117a1c64aa32247af9ef42a0ed0431, type: 3}
      propertyPath: unityEvent.m_PersistentCalls.m_Calls.Array.size
      value: 2
      objectReference: {fileID: 0}
    - target: {fileID: 1407809671914000824, guid: 50117a1c64aa32247af9ef42a0ed0431, type: 3}
      propertyPath: unityEvent.m_PersistentCalls.m_Calls.Array.data[0].m_Mode
      value: 1
      objectReference: {fileID: 0}
    - target: {fileID: 1407809671914000824, guid: 50117a1c64aa32247af9ef42a0ed0431, type: 3}
      propertyPath: unityEvent.m_PersistentCalls.m_Calls.Array.data[1].m_Mode
      value: 6
      objectReference: {fileID: 0}
    - target: {fileID: 1407809671914000824, guid: 50117a1c64aa32247af9ef42a0ed0431, type: 3}
      propertyPath: unityEvent.m_PersistentCalls.m_Calls.Array.data[2].m_Mode
      value: 6
      objectReference: {fileID: 0}
    - target: {fileID: 1407809671914000824, guid: 50117a1c64aa32247af9ef42a0ed0431, type: 3}
      propertyPath: unityEvent.m_PersistentCalls.m_Calls.Array.data[0].m_Target
      value: 
      objectReference: {fileID: 845197102}
    - target: {fileID: 1407809671914000824, guid: 50117a1c64aa32247af9ef42a0ed0431, type: 3}
      propertyPath: unityEvent.m_PersistentCalls.m_Calls.Array.data[1].m_Target
      value: 
      objectReference: {fileID: 596862340}
    - target: {fileID: 1407809671914000824, guid: 50117a1c64aa32247af9ef42a0ed0431, type: 3}
      propertyPath: unityEvent.m_PersistentCalls.m_Calls.Array.data[2].m_Target
      value: 
      objectReference: {fileID: 596862340}
    - target: {fileID: 1407809671914000824, guid: 50117a1c64aa32247af9ef42a0ed0431, type: 3}
      propertyPath: unityEvent.m_PersistentCalls.m_Calls.Array.data[0].m_CallState
      value: 2
      objectReference: {fileID: 0}
    - target: {fileID: 1407809671914000824, guid: 50117a1c64aa32247af9ef42a0ed0431, type: 3}
      propertyPath: unityEvent.m_PersistentCalls.m_Calls.Array.data[1].m_CallState
      value: 2
      objectReference: {fileID: 0}
    - target: {fileID: 1407809671914000824, guid: 50117a1c64aa32247af9ef42a0ed0431, type: 3}
      propertyPath: unityEvent.m_PersistentCalls.m_Calls.Array.data[2].m_CallState
      value: 2
      objectReference: {fileID: 0}
    - target: {fileID: 1407809671914000824, guid: 50117a1c64aa32247af9ef42a0ed0431, type: 3}
      propertyPath: unityEvent.m_PersistentCalls.m_Calls.Array.data[0].m_MethodName
      value: ExitGame
      objectReference: {fileID: 0}
    - target: {fileID: 1407809671914000824, guid: 50117a1c64aa32247af9ef42a0ed0431, type: 3}
      propertyPath: unityEvent.m_PersistentCalls.m_Calls.Array.data[1].m_MethodName
      value: SetActive
      objectReference: {fileID: 0}
    - target: {fileID: 1407809671914000824, guid: 50117a1c64aa32247af9ef42a0ed0431, type: 3}
      propertyPath: unityEvent.m_PersistentCalls.m_Calls.Array.data[2].m_MethodName
      value: SetActive
      objectReference: {fileID: 0}
    - target: {fileID: 1407809671914000824, guid: 50117a1c64aa32247af9ef42a0ed0431, type: 3}
      propertyPath: unityEvent.m_PersistentCalls.m_Calls.Array.data[0].m_TargetAssemblyTypeName
      value: SceneHandlerManager, Assembly-CSharp
      objectReference: {fileID: 0}
    - target: {fileID: 1407809671914000824, guid: 50117a1c64aa32247af9ef42a0ed0431, type: 3}
      propertyPath: unityEvent.m_PersistentCalls.m_Calls.Array.data[1].m_TargetAssemblyTypeName
      value: UnityEngine.GameObject, UnityEngine
      objectReference: {fileID: 0}
    - target: {fileID: 1407809671914000824, guid: 50117a1c64aa32247af9ef42a0ed0431, type: 3}
      propertyPath: unityEvent.m_PersistentCalls.m_Calls.Array.data[2].m_TargetAssemblyTypeName
      value: UnityEngine.GameObject, UnityEngine
      objectReference: {fileID: 0}
    - target: {fileID: 1407809671914000824, guid: 50117a1c64aa32247af9ef42a0ed0431, type: 3}
      propertyPath: unityEvent.m_PersistentCalls.m_Calls.Array.data[1].m_Arguments.m_BoolArgument
      value: 1
      objectReference: {fileID: 0}
    - target: {fileID: 1407809671914000824, guid: 50117a1c64aa32247af9ef42a0ed0431, type: 3}
      propertyPath: unityEvent.m_PersistentCalls.m_Calls.Array.data[2].m_Arguments.m_BoolArgument
      value: 1
      objectReference: {fileID: 0}
    - target: {fileID: 1407809671914000824, guid: 50117a1c64aa32247af9ef42a0ed0431, type: 3}
      propertyPath: unityEvent.m_PersistentCalls.m_Calls.Array.data[0].m_Arguments.m_ObjectArgumentAssemblyTypeName
      value: UnityEngine.Object, UnityEngine
      objectReference: {fileID: 0}
    - target: {fileID: 1407809671914000824, guid: 50117a1c64aa32247af9ef42a0ed0431, type: 3}
      propertyPath: unityEvent.m_PersistentCalls.m_Calls.Array.data[1].m_Arguments.m_ObjectArgumentAssemblyTypeName
      value: UnityEngine.Object, UnityEngine
      objectReference: {fileID: 0}
    - target: {fileID: 1407809671914000824, guid: 50117a1c64aa32247af9ef42a0ed0431, type: 3}
      propertyPath: unityEvent.m_PersistentCalls.m_Calls.Array.data[2].m_Arguments.m_ObjectArgumentAssemblyTypeName
      value: UnityEngine.Object, UnityEngine
      objectReference: {fileID: 0}
    - target: {fileID: 5419823813802776473, guid: 50117a1c64aa32247af9ef42a0ed0431, type: 3}
      propertyPath: m_text
      value: Exit
      objectReference: {fileID: 0}
    - target: {fileID: 5419823814634077859, guid: 50117a1c64aa32247af9ef42a0ed0431, type: 3}
      propertyPath: m_Name
      value: BtnExit
      objectReference: {fileID: 0}
    - target: {fileID: 5419823814634077868, guid: 50117a1c64aa32247af9ef42a0ed0431, type: 3}
      propertyPath: m_Pivot.x
      value: 0.5
      objectReference: {fileID: 0}
    - target: {fileID: 5419823814634077868, guid: 50117a1c64aa32247af9ef42a0ed0431, type: 3}
      propertyPath: m_Pivot.y
      value: 0.5
      objectReference: {fileID: 0}
    - target: {fileID: 5419823814634077868, guid: 50117a1c64aa32247af9ef42a0ed0431, type: 3}
      propertyPath: m_RootOrder
      value: 2
      objectReference: {fileID: 0}
    - target: {fileID: 5419823814634077868, guid: 50117a1c64aa32247af9ef42a0ed0431, type: 3}
      propertyPath: m_AnchorMax.x
      value: 0.5
      objectReference: {fileID: 0}
    - target: {fileID: 5419823814634077868, guid: 50117a1c64aa32247af9ef42a0ed0431, type: 3}
      propertyPath: m_AnchorMax.y
      value: 1
      objectReference: {fileID: 0}
    - target: {fileID: 5419823814634077868, guid: 50117a1c64aa32247af9ef42a0ed0431, type: 3}
      propertyPath: m_AnchorMin.x
      value: 0.5
      objectReference: {fileID: 0}
    - target: {fileID: 5419823814634077868, guid: 50117a1c64aa32247af9ef42a0ed0431, type: 3}
      propertyPath: m_AnchorMin.y
      value: 1
      objectReference: {fileID: 0}
    - target: {fileID: 5419823814634077868, guid: 50117a1c64aa32247af9ef42a0ed0431, type: 3}
      propertyPath: m_SizeDelta.x
      value: 400
      objectReference: {fileID: 0}
    - target: {fileID: 5419823814634077868, guid: 50117a1c64aa32247af9ef42a0ed0431, type: 3}
      propertyPath: m_SizeDelta.y
      value: 120
      objectReference: {fileID: 0}
    - target: {fileID: 5419823814634077868, guid: 50117a1c64aa32247af9ef42a0ed0431, type: 3}
      propertyPath: m_LocalPosition.x
      value: 0
      objectReference: {fileID: 0}
    - target: {fileID: 5419823814634077868, guid: 50117a1c64aa32247af9ef42a0ed0431, type: 3}
      propertyPath: m_LocalPosition.y
      value: 0
      objectReference: {fileID: 0}
    - target: {fileID: 5419823814634077868, guid: 50117a1c64aa32247af9ef42a0ed0431, type: 3}
      propertyPath: m_LocalPosition.z
      value: 0
      objectReference: {fileID: 0}
    - target: {fileID: 5419823814634077868, guid: 50117a1c64aa32247af9ef42a0ed0431, type: 3}
      propertyPath: m_LocalRotation.w
      value: 1
      objectReference: {fileID: 0}
    - target: {fileID: 5419823814634077868, guid: 50117a1c64aa32247af9ef42a0ed0431, type: 3}
      propertyPath: m_LocalRotation.x
      value: -0
      objectReference: {fileID: 0}
    - target: {fileID: 5419823814634077868, guid: 50117a1c64aa32247af9ef42a0ed0431, type: 3}
      propertyPath: m_LocalRotation.y
      value: -0
      objectReference: {fileID: 0}
    - target: {fileID: 5419823814634077868, guid: 50117a1c64aa32247af9ef42a0ed0431, type: 3}
      propertyPath: m_LocalRotation.z
      value: -0
      objectReference: {fileID: 0}
    - target: {fileID: 5419823814634077868, guid: 50117a1c64aa32247af9ef42a0ed0431, type: 3}
      propertyPath: m_AnchoredPosition.x
      value: 0
      objectReference: {fileID: 0}
    - target: {fileID: 5419823814634077868, guid: 50117a1c64aa32247af9ef42a0ed0431, type: 3}
      propertyPath: m_AnchoredPosition.y
      value: -480
      objectReference: {fileID: 0}
    - target: {fileID: 5419823814634077868, guid: 50117a1c64aa32247af9ef42a0ed0431, type: 3}
      propertyPath: m_LocalEulerAnglesHint.x
      value: 0
      objectReference: {fileID: 0}
    - target: {fileID: 5419823814634077868, guid: 50117a1c64aa32247af9ef42a0ed0431, type: 3}
      propertyPath: m_LocalEulerAnglesHint.y
      value: 0
      objectReference: {fileID: 0}
    - target: {fileID: 5419823814634077868, guid: 50117a1c64aa32247af9ef42a0ed0431, type: 3}
      propertyPath: m_LocalEulerAnglesHint.z
      value: 0
      objectReference: {fileID: 0}
    - target: {fileID: 5419823814634077869, guid: 50117a1c64aa32247af9ef42a0ed0431, type: 3}
      propertyPath: m_OnClick.m_PersistentCalls.m_Calls.Array.size
      value: 1
      objectReference: {fileID: 0}
    m_RemovedComponents: []
  m_SourcePrefab: {fileID: 100100000, guid: 50117a1c64aa32247af9ef42a0ed0431, type: 3}
--- !u!224 &170850270 stripped
RectTransform:
  m_CorrespondingSourceObject: {fileID: 5419823814634077868, guid: 50117a1c64aa32247af9ef42a0ed0431, type: 3}
  m_PrefabInstance: {fileID: 1138145968}
  m_PrefabAsset: {fileID: 0}
--- !u!1 &312285900
GameObject:
  m_ObjectHideFlags: 0
  m_CorrespondingSourceObject: {fileID: 0}
  m_PrefabInstance: {fileID: 0}
  m_PrefabAsset: {fileID: 0}
  serializedVersion: 6
  m_Component:
  - component: {fileID: 312285901}
  - component: {fileID: 312285903}
  - component: {fileID: 312285902}
  m_Layer: 5
  m_Name: ExtraBox
  m_TagString: Untagged
  m_Icon: {fileID: 0}
  m_NavMeshLayer: 0
  m_StaticEditorFlags: 0
  m_IsActive: 1
--- !u!224 &312285901
RectTransform:
  m_ObjectHideFlags: 0
  m_CorrespondingSourceObject: {fileID: 0}
  m_PrefabInstance: {fileID: 0}
  m_PrefabAsset: {fileID: 0}
  m_GameObject: {fileID: 312285900}
  m_LocalRotation: {x: -0, y: -0, z: -0, w: 1}
  m_LocalPosition: {x: 0, y: 0, z: 0}
  m_LocalScale: {x: 1, y: 1, z: 1}
  m_Children: []
  m_Father: {fileID: 380429555}
  m_RootOrder: 0
  m_LocalEulerAnglesHint: {x: 0, y: 0, z: 0}
  m_AnchorMin: {x: 0.5, y: 0.5}
  m_AnchorMax: {x: 0.5, y: 0.5}
  m_AnchoredPosition: {x: 0, y: 0}
  m_SizeDelta: {x: 500, y: 360}
  m_Pivot: {x: 0.5, y: 0.5}
--- !u!114 &312285902
MonoBehaviour:
  m_ObjectHideFlags: 0
  m_CorrespondingSourceObject: {fileID: 0}
  m_PrefabInstance: {fileID: 0}
  m_PrefabAsset: {fileID: 0}
  m_GameObject: {fileID: 312285900}
  m_Enabled: 1
  m_EditorHideFlags: 0
  m_Script: {fileID: 11500000, guid: fe87c0e1cc204ed48ad3b37840f39efc, type: 3}
  m_Name: 
  m_EditorClassIdentifier: 
  m_Material: {fileID: 0}
  m_Color: {r: 1, g: 1, b: 1, a: 1}
  m_RaycastTarget: 1
  m_RaycastPadding: {x: 0, y: 0, z: 0, w: 0}
  m_Maskable: 1
  m_OnCullStateChanged:
    m_PersistentCalls:
      m_Calls: []
  m_Sprite: {fileID: 21300000, guid: ea0591cf7c98dae4dbc0187874e44151, type: 3}
  m_Type: 0
  m_PreserveAspect: 0
  m_FillCenter: 1
  m_FillMethod: 4
  m_FillAmount: 1
  m_FillClockwise: 1
  m_FillOrigin: 0
  m_UseSpriteMesh: 0
  m_PixelsPerUnitMultiplier: 1
--- !u!222 &312285903
CanvasRenderer:
  m_ObjectHideFlags: 0
  m_CorrespondingSourceObject: {fileID: 0}
  m_PrefabInstance: {fileID: 0}
  m_PrefabAsset: {fileID: 0}
  m_GameObject: {fileID: 312285900}
  m_CullTransparentMesh: 1
--- !u!1 &364374383
GameObject:
  m_ObjectHideFlags: 0
  m_CorrespondingSourceObject: {fileID: 0}
  m_PrefabInstance: {fileID: 0}
  m_PrefabAsset: {fileID: 0}
  serializedVersion: 6
  m_Component:
  - component: {fileID: 364374384}
  - component: {fileID: 364374386}
  - component: {fileID: 364374385}
  m_Layer: 5
  m_Name: TitleBox
  m_TagString: Untagged
  m_Icon: {fileID: 0}
  m_NavMeshLayer: 0
  m_StaticEditorFlags: 0
  m_IsActive: 1
--- !u!224 &364374384
RectTransform:
  m_ObjectHideFlags: 0
  m_CorrespondingSourceObject: {fileID: 0}
  m_PrefabInstance: {fileID: 0}
  m_PrefabAsset: {fileID: 0}
  m_GameObject: {fileID: 364374383}
  m_LocalRotation: {x: -0, y: -0, z: -0, w: 1}
  m_LocalPosition: {x: 0, y: 0, z: 0}
  m_LocalScale: {x: 1, y: 1, z: 1}
  m_Children: []
  m_Father: {fileID: 1074826242}
  m_RootOrder: 0
  m_LocalEulerAnglesHint: {x: 0, y: 0, z: 0}
  m_AnchorMin: {x: 0.5, y: 1}
  m_AnchorMax: {x: 0.5, y: 1}
  m_AnchoredPosition: {x: 0, y: 0}
  m_SizeDelta: {x: 669.5581, y: 150.6506}
  m_Pivot: {x: 0.5, y: 1}
--- !u!114 &364374385
MonoBehaviour:
  m_ObjectHideFlags: 0
  m_CorrespondingSourceObject: {fileID: 0}
  m_PrefabInstance: {fileID: 0}
  m_PrefabAsset: {fileID: 0}
  m_GameObject: {fileID: 364374383}
  m_Enabled: 1
  m_EditorHideFlags: 0
  m_Script: {fileID: 11500000, guid: fe87c0e1cc204ed48ad3b37840f39efc, type: 3}
  m_Name: 
  m_EditorClassIdentifier: 
  m_Material: {fileID: 0}
  m_Color: {r: 1, g: 1, b: 1, a: 1}
  m_RaycastTarget: 1
  m_RaycastPadding: {x: 0, y: 0, z: 0, w: 0}
  m_Maskable: 1
  m_OnCullStateChanged:
    m_PersistentCalls:
      m_Calls: []
  m_Sprite: {fileID: 21300000, guid: fdecf91925de41a409dde4c2f841dbbd, type: 3}
  m_Type: 0
  m_PreserveAspect: 0
  m_FillCenter: 1
  m_FillMethod: 4
  m_FillAmount: 1
  m_FillClockwise: 1
  m_FillOrigin: 0
  m_UseSpriteMesh: 0
  m_PixelsPerUnitMultiplier: 1
--- !u!222 &364374386
CanvasRenderer:
  m_ObjectHideFlags: 0
  m_CorrespondingSourceObject: {fileID: 0}
  m_PrefabInstance: {fileID: 0}
  m_PrefabAsset: {fileID: 0}
  m_GameObject: {fileID: 364374383}
  m_CullTransparentMesh: 1
--- !u!1 &380429554
GameObject:
  m_ObjectHideFlags: 0
  m_CorrespondingSourceObject: {fileID: 0}
  m_PrefabInstance: {fileID: 0}
  m_PrefabAsset: {fileID: 0}
  serializedVersion: 6
  m_Component:
  - component: {fileID: 380429555}
  m_Layer: 5
  m_Name: Extra
  m_TagString: Untagged
  m_Icon: {fileID: 0}
  m_NavMeshLayer: 0
  m_StaticEditorFlags: 0
  m_IsActive: 1
--- !u!224 &380429555
RectTransform:
  m_ObjectHideFlags: 0
  m_CorrespondingSourceObject: {fileID: 0}
  m_PrefabInstance: {fileID: 0}
  m_PrefabAsset: {fileID: 0}
  m_GameObject: {fileID: 380429554}
  m_LocalRotation: {x: -0, y: -0, z: -0, w: 1}
  m_LocalPosition: {x: 0, y: 0, z: 0}
  m_LocalScale: {x: 1, y: 1, z: 1}
  m_Children:
  - {fileID: 312285901}
  - {fileID: 889838950}
  - {fileID: 1446608001}
  m_Father: {fileID: 1593865867}
  m_RootOrder: 2
  m_LocalEulerAnglesHint: {x: 0, y: 0, z: 0}
  m_AnchorMin: {x: 0.5, y: 0.5}
  m_AnchorMax: {x: 0.5, y: 0.5}
  m_AnchoredPosition: {x: 0, y: -400}
  m_SizeDelta: {x: 500, y: 360}
  m_Pivot: {x: 0.5, y: 0.5}
--- !u!1 &425774897
GameObject:
  m_ObjectHideFlags: 0
  m_CorrespondingSourceObject: {fileID: 0}
  m_PrefabInstance: {fileID: 0}
  m_PrefabAsset: {fileID: 0}
  serializedVersion: 6
  m_Component:
  - component: {fileID: 425774898}
  - component: {fileID: 425774900}
  - component: {fileID: 425774899}
  m_Layer: 5
  m_Name: MenuBox
  m_TagString: Untagged
  m_Icon: {fileID: 0}
  m_NavMeshLayer: 0
  m_StaticEditorFlags: 0
  m_IsActive: 1
--- !u!224 &425774898
RectTransform:
  m_ObjectHideFlags: 0
  m_CorrespondingSourceObject: {fileID: 0}
  m_PrefabInstance: {fileID: 0}
  m_PrefabAsset: {fileID: 0}
  m_GameObject: {fileID: 425774897}
  m_LocalRotation: {x: -0, y: -0, z: -0, w: 1}
  m_LocalPosition: {x: 0, y: 0, z: 0}
  m_LocalScale: {x: 1, y: 1, z: 1}
  m_Children: []
  m_Father: {fileID: 1537640991}
  m_RootOrder: 0
  m_LocalEulerAnglesHint: {x: 0, y: 0, z: 0}
  m_AnchorMin: {x: 0.5, y: 0.5}
  m_AnchorMax: {x: 0.5, y: 0.5}
  m_AnchoredPosition: {x: 0, y: 0}
  m_SizeDelta: {x: 600, y: 700}
  m_Pivot: {x: 0.5, y: 0.5}
--- !u!114 &425774899
MonoBehaviour:
  m_ObjectHideFlags: 0
  m_CorrespondingSourceObject: {fileID: 0}
  m_PrefabInstance: {fileID: 0}
  m_PrefabAsset: {fileID: 0}
  m_GameObject: {fileID: 425774897}
  m_Enabled: 1
  m_EditorHideFlags: 0
  m_Script: {fileID: 11500000, guid: fe87c0e1cc204ed48ad3b37840f39efc, type: 3}
  m_Name: 
  m_EditorClassIdentifier: 
  m_Material: {fileID: 0}
  m_Color: {r: 1, g: 1, b: 1, a: 1}
  m_RaycastTarget: 1
  m_RaycastPadding: {x: 0, y: 0, z: 0, w: 0}
  m_Maskable: 1
  m_OnCullStateChanged:
    m_PersistentCalls:
      m_Calls: []
  m_Sprite: {fileID: 21300000, guid: 26960cd8c096e914d85efc30ca8549d9, type: 3}
  m_Type: 0
  m_PreserveAspect: 0
  m_FillCenter: 1
  m_FillMethod: 4
  m_FillAmount: 1
  m_FillClockwise: 1
  m_FillOrigin: 0
  m_UseSpriteMesh: 0
  m_PixelsPerUnitMultiplier: 1
--- !u!222 &425774900
CanvasRenderer:
  m_ObjectHideFlags: 0
  m_CorrespondingSourceObject: {fileID: 0}
  m_PrefabInstance: {fileID: 0}
  m_PrefabAsset: {fileID: 0}
  m_GameObject: {fileID: 425774897}
  m_CullTransparentMesh: 1
--- !u!1 &464383752
GameObject:
  m_ObjectHideFlags: 0
  m_CorrespondingSourceObject: {fileID: 0}
  m_PrefabInstance: {fileID: 0}
  m_PrefabAsset: {fileID: 0}
  serializedVersion: 6
  m_Component:
  - component: {fileID: 464383753}
  - component: {fileID: 464383755}
  - component: {fileID: 464383754}
  m_Layer: 5
  m_Name: BG
  m_TagString: Untagged
  m_Icon: {fileID: 0}
  m_NavMeshLayer: 0
  m_StaticEditorFlags: 0
  m_IsActive: 1
--- !u!224 &464383753
RectTransform:
  m_ObjectHideFlags: 0
  m_CorrespondingSourceObject: {fileID: 0}
  m_PrefabInstance: {fileID: 0}
  m_PrefabAsset: {fileID: 0}
  m_GameObject: {fileID: 464383752}
  m_LocalRotation: {x: 0, y: 0, z: 0, w: 1}
  m_LocalPosition: {x: 0, y: 0, z: 0}
  m_LocalScale: {x: 1, y: 1, z: 1}
  m_Children:
  - {fileID: 1593865867}
  - {fileID: 7291232}
  m_Father: {fileID: 59439164}
  m_RootOrder: 0
  m_LocalEulerAnglesHint: {x: 0, y: 0, z: 0}
  m_AnchorMin: {x: 0, y: 0}
  m_AnchorMax: {x: 1, y: 1}
  m_AnchoredPosition: {x: 0, y: 0}
  m_SizeDelta: {x: 0, y: 0}
  m_Pivot: {x: 0.5, y: 0.5}
--- !u!114 &464383754
MonoBehaviour:
  m_ObjectHideFlags: 0
  m_CorrespondingSourceObject: {fileID: 0}
  m_PrefabInstance: {fileID: 0}
  m_PrefabAsset: {fileID: 0}
  m_GameObject: {fileID: 464383752}
  m_Enabled: 1
  m_EditorHideFlags: 0
  m_Script: {fileID: 11500000, guid: fe87c0e1cc204ed48ad3b37840f39efc, type: 3}
  m_Name: 
  m_EditorClassIdentifier: 
  m_Material: {fileID: 0}
  m_Color: {r: 1, g: 0.9238026, b: 0.8349056, a: 1}
  m_RaycastTarget: 1
  m_RaycastPadding: {x: 0, y: 0, z: 0, w: 0}
  m_Maskable: 1
  m_OnCullStateChanged:
    m_PersistentCalls:
      m_Calls: []
  m_Sprite: {fileID: 0}
  m_Type: 0
  m_PreserveAspect: 0
  m_FillCenter: 1
  m_FillMethod: 4
  m_FillAmount: 1
  m_FillClockwise: 1
  m_FillOrigin: 0
  m_UseSpriteMesh: 0
  m_PixelsPerUnitMultiplier: 1
--- !u!222 &464383755
CanvasRenderer:
  m_ObjectHideFlags: 0
  m_CorrespondingSourceObject: {fileID: 0}
  m_PrefabInstance: {fileID: 0}
  m_PrefabAsset: {fileID: 0}
  m_GameObject: {fileID: 464383752}
  m_CullTransparentMesh: 1
--- !u!224 &518728334 stripped
RectTransform:
  m_CorrespondingSourceObject: {fileID: 5419823814634077868, guid: 50117a1c64aa32247af9ef42a0ed0431, type: 3}
  m_PrefabInstance: {fileID: 92116107}
  m_PrefabAsset: {fileID: 0}
--- !u!1 &596862340 stripped
GameObject:
  m_CorrespondingSourceObject: {fileID: 4626504383989581672, guid: bed19dd57bfd2cf478180aa93b923306, type: 3}
  m_PrefabInstance: {fileID: 4626504384483681004}
  m_PrefabAsset: {fileID: 0}
--- !u!224 &596862341 stripped
RectTransform:
  m_CorrespondingSourceObject: {fileID: 4626504383989581673, guid: bed19dd57bfd2cf478180aa93b923306, type: 3}
  m_PrefabInstance: {fileID: 4626504384483681004}
  m_PrefabAsset: {fileID: 0}
--- !u!1001 &715592980
PrefabInstance:
  m_ObjectHideFlags: 0
  serializedVersion: 2
  m_Modification:
    m_TransformParent: {fileID: 1754560873}
    m_Modifications:
    - target: {fileID: 1407809671914000824, guid: 50117a1c64aa32247af9ef42a0ed0431, type: 3}
      propertyPath: unityEvent.m_PersistentCalls.m_Calls.Array.size
      value: 2
      objectReference: {fileID: 0}
    - target: {fileID: 1407809671914000824, guid: 50117a1c64aa32247af9ef42a0ed0431, type: 3}
      propertyPath: unityEvent.m_PersistentCalls.m_Calls.Array.data[0].m_Mode
      value: 6
      objectReference: {fileID: 0}
    - target: {fileID: 1407809671914000824, guid: 50117a1c64aa32247af9ef42a0ed0431, type: 3}
      propertyPath: unityEvent.m_PersistentCalls.m_Calls.Array.data[1].m_Mode
      value: 1
      objectReference: {fileID: 0}
    - target: {fileID: 1407809671914000824, guid: 50117a1c64aa32247af9ef42a0ed0431, type: 3}
      propertyPath: unityEvent.m_PersistentCalls.m_Calls.Array.data[2].m_Mode
      value: 6
      objectReference: {fileID: 0}
    - target: {fileID: 1407809671914000824, guid: 50117a1c64aa32247af9ef42a0ed0431, type: 3}
      propertyPath: unityEvent.m_PersistentCalls.m_Calls.Array.data[0].m_Target
      value: 
      objectReference: {fileID: 596862340}
    - target: {fileID: 1407809671914000824, guid: 50117a1c64aa32247af9ef42a0ed0431, type: 3}
      propertyPath: unityEvent.m_PersistentCalls.m_Calls.Array.data[1].m_Target
      value: 
      objectReference: {fileID: 845197102}
    - target: {fileID: 1407809671914000824, guid: 50117a1c64aa32247af9ef42a0ed0431, type: 3}
      propertyPath: unityEvent.m_PersistentCalls.m_Calls.Array.data[2].m_Target
      value: 
      objectReference: {fileID: 596862340}
    - target: {fileID: 1407809671914000824, guid: 50117a1c64aa32247af9ef42a0ed0431, type: 3}
      propertyPath: unityEvent.m_PersistentCalls.m_Calls.Array.data[0].m_CallState
      value: 2
      objectReference: {fileID: 0}
    - target: {fileID: 1407809671914000824, guid: 50117a1c64aa32247af9ef42a0ed0431, type: 3}
      propertyPath: unityEvent.m_PersistentCalls.m_Calls.Array.data[1].m_CallState
      value: 2
      objectReference: {fileID: 0}
    - target: {fileID: 1407809671914000824, guid: 50117a1c64aa32247af9ef42a0ed0431, type: 3}
      propertyPath: unityEvent.m_PersistentCalls.m_Calls.Array.data[2].m_CallState
      value: 2
      objectReference: {fileID: 0}
    - target: {fileID: 1407809671914000824, guid: 50117a1c64aa32247af9ef42a0ed0431, type: 3}
      propertyPath: unityEvent.m_PersistentCalls.m_Calls.Array.data[0].m_MethodName
      value: SetActive
      objectReference: {fileID: 0}
    - target: {fileID: 1407809671914000824, guid: 50117a1c64aa32247af9ef42a0ed0431, type: 3}
      propertyPath: unityEvent.m_PersistentCalls.m_Calls.Array.data[1].m_MethodName
      value: ToLevelMenu
      objectReference: {fileID: 0}
    - target: {fileID: 1407809671914000824, guid: 50117a1c64aa32247af9ef42a0ed0431, type: 3}
      propertyPath: unityEvent.m_PersistentCalls.m_Calls.Array.data[2].m_MethodName
      value: SetActive
      objectReference: {fileID: 0}
    - target: {fileID: 1407809671914000824, guid: 50117a1c64aa32247af9ef42a0ed0431, type: 3}
      propertyPath: unityEvent.m_PersistentCalls.m_Calls.Array.data[0].m_TargetAssemblyTypeName
      value: UnityEngine.GameObject, UnityEngine
      objectReference: {fileID: 0}
    - target: {fileID: 1407809671914000824, guid: 50117a1c64aa32247af9ef42a0ed0431, type: 3}
      propertyPath: unityEvent.m_PersistentCalls.m_Calls.Array.data[1].m_TargetAssemblyTypeName
      value: SceneHandlerManager, Assembly-CSharp
      objectReference: {fileID: 0}
    - target: {fileID: 1407809671914000824, guid: 50117a1c64aa32247af9ef42a0ed0431, type: 3}
      propertyPath: unityEvent.m_PersistentCalls.m_Calls.Array.data[2].m_TargetAssemblyTypeName
      value: UnityEngine.GameObject, UnityEngine
      objectReference: {fileID: 0}
    - target: {fileID: 1407809671914000824, guid: 50117a1c64aa32247af9ef42a0ed0431, type: 3}
      propertyPath: unityEvent.m_PersistentCalls.m_Calls.Array.data[0].m_Arguments.m_BoolArgument
      value: 1
      objectReference: {fileID: 0}
    - target: {fileID: 1407809671914000824, guid: 50117a1c64aa32247af9ef42a0ed0431, type: 3}
      propertyPath: unityEvent.m_PersistentCalls.m_Calls.Array.data[1].m_Arguments.m_BoolArgument
      value: 1
      objectReference: {fileID: 0}
    - target: {fileID: 1407809671914000824, guid: 50117a1c64aa32247af9ef42a0ed0431, type: 3}
      propertyPath: unityEvent.m_PersistentCalls.m_Calls.Array.data[2].m_Arguments.m_BoolArgument
      value: 1
      objectReference: {fileID: 0}
    - target: {fileID: 1407809671914000824, guid: 50117a1c64aa32247af9ef42a0ed0431, type: 3}
      propertyPath: unityEvent.m_PersistentCalls.m_Calls.Array.data[0].m_Arguments.m_ObjectArgumentAssemblyTypeName
      value: UnityEngine.Object, UnityEngine
      objectReference: {fileID: 0}
    - target: {fileID: 1407809671914000824, guid: 50117a1c64aa32247af9ef42a0ed0431, type: 3}
      propertyPath: unityEvent.m_PersistentCalls.m_Calls.Array.data[1].m_Arguments.m_ObjectArgumentAssemblyTypeName
      value: UnityEngine.Object, UnityEngine
      objectReference: {fileID: 0}
    - target: {fileID: 1407809671914000824, guid: 50117a1c64aa32247af9ef42a0ed0431, type: 3}
      propertyPath: unityEvent.m_PersistentCalls.m_Calls.Array.data[2].m_Arguments.m_ObjectArgumentAssemblyTypeName
      value: UnityEngine.Object, UnityEngine
      objectReference: {fileID: 0}
    - target: {fileID: 5419823813802776473, guid: 50117a1c64aa32247af9ef42a0ed0431, type: 3}
      propertyPath: m_text
      value: Play
      objectReference: {fileID: 0}
    - target: {fileID: 5419823814634077859, guid: 50117a1c64aa32247af9ef42a0ed0431, type: 3}
      propertyPath: m_Name
      value: BtnPlay
      objectReference: {fileID: 0}
    - target: {fileID: 5419823814634077868, guid: 50117a1c64aa32247af9ef42a0ed0431, type: 3}
      propertyPath: m_Pivot.x
      value: 0.5
      objectReference: {fileID: 0}
    - target: {fileID: 5419823814634077868, guid: 50117a1c64aa32247af9ef42a0ed0431, type: 3}
      propertyPath: m_Pivot.y
      value: 0.5
      objectReference: {fileID: 0}
    - target: {fileID: 5419823814634077868, guid: 50117a1c64aa32247af9ef42a0ed0431, type: 3}
      propertyPath: m_RootOrder
      value: 0
      objectReference: {fileID: 0}
    - target: {fileID: 5419823814634077868, guid: 50117a1c64aa32247af9ef42a0ed0431, type: 3}
      propertyPath: m_AnchorMax.x
      value: 0.5
      objectReference: {fileID: 0}
    - target: {fileID: 5419823814634077868, guid: 50117a1c64aa32247af9ef42a0ed0431, type: 3}
      propertyPath: m_AnchorMax.y
      value: 1
      objectReference: {fileID: 0}
    - target: {fileID: 5419823814634077868, guid: 50117a1c64aa32247af9ef42a0ed0431, type: 3}
      propertyPath: m_AnchorMin.x
      value: 0.5
      objectReference: {fileID: 0}
    - target: {fileID: 5419823814634077868, guid: 50117a1c64aa32247af9ef42a0ed0431, type: 3}
      propertyPath: m_AnchorMin.y
      value: 1
      objectReference: {fileID: 0}
    - target: {fileID: 5419823814634077868, guid: 50117a1c64aa32247af9ef42a0ed0431, type: 3}
      propertyPath: m_SizeDelta.x
      value: 400
      objectReference: {fileID: 0}
    - target: {fileID: 5419823814634077868, guid: 50117a1c64aa32247af9ef42a0ed0431, type: 3}
      propertyPath: m_SizeDelta.y
      value: 120
      objectReference: {fileID: 0}
    - target: {fileID: 5419823814634077868, guid: 50117a1c64aa32247af9ef42a0ed0431, type: 3}
      propertyPath: m_LocalPosition.x
      value: 0
      objectReference: {fileID: 0}
    - target: {fileID: 5419823814634077868, guid: 50117a1c64aa32247af9ef42a0ed0431, type: 3}
      propertyPath: m_LocalPosition.y
      value: 0
      objectReference: {fileID: 0}
    - target: {fileID: 5419823814634077868, guid: 50117a1c64aa32247af9ef42a0ed0431, type: 3}
      propertyPath: m_LocalPosition.z
      value: 0
      objectReference: {fileID: 0}
    - target: {fileID: 5419823814634077868, guid: 50117a1c64aa32247af9ef42a0ed0431, type: 3}
      propertyPath: m_LocalRotation.w
      value: 1
      objectReference: {fileID: 0}
    - target: {fileID: 5419823814634077868, guid: 50117a1c64aa32247af9ef42a0ed0431, type: 3}
      propertyPath: m_LocalRotation.x
      value: -0
      objectReference: {fileID: 0}
    - target: {fileID: 5419823814634077868, guid: 50117a1c64aa32247af9ef42a0ed0431, type: 3}
      propertyPath: m_LocalRotation.y
      value: -0
      objectReference: {fileID: 0}
    - target: {fileID: 5419823814634077868, guid: 50117a1c64aa32247af9ef42a0ed0431, type: 3}
      propertyPath: m_LocalRotation.z
      value: -0
      objectReference: {fileID: 0}
    - target: {fileID: 5419823814634077868, guid: 50117a1c64aa32247af9ef42a0ed0431, type: 3}
      propertyPath: m_AnchoredPosition.x
      value: 0
      objectReference: {fileID: 0}
    - target: {fileID: 5419823814634077868, guid: 50117a1c64aa32247af9ef42a0ed0431, type: 3}
      propertyPath: m_AnchoredPosition.y
      value: -120
      objectReference: {fileID: 0}
    - target: {fileID: 5419823814634077868, guid: 50117a1c64aa32247af9ef42a0ed0431, type: 3}
      propertyPath: m_LocalEulerAnglesHint.x
      value: 0
      objectReference: {fileID: 0}
    - target: {fileID: 5419823814634077868, guid: 50117a1c64aa32247af9ef42a0ed0431, type: 3}
      propertyPath: m_LocalEulerAnglesHint.y
      value: 0
      objectReference: {fileID: 0}
    - target: {fileID: 5419823814634077868, guid: 50117a1c64aa32247af9ef42a0ed0431, type: 3}
      propertyPath: m_LocalEulerAnglesHint.z
      value: 0
      objectReference: {fileID: 0}
    - target: {fileID: 5419823814634077869, guid: 50117a1c64aa32247af9ef42a0ed0431, type: 3}
      propertyPath: m_OnClick.m_PersistentCalls.m_Calls.Array.size
      value: 1
      objectReference: {fileID: 0}
    m_RemovedComponents: []
  m_SourcePrefab: {fileID: 100100000, guid: 50117a1c64aa32247af9ef42a0ed0431, type: 3}
--- !u!1 &756707588
GameObject:
  m_ObjectHideFlags: 0
  m_CorrespondingSourceObject: {fileID: 0}
  m_PrefabInstance: {fileID: 0}
  m_PrefabAsset: {fileID: 0}
  serializedVersion: 6
  m_Component:
  - component: {fileID: 756707589}
  - component: {fileID: 756707591}
  - component: {fileID: 756707590}
  m_Layer: 5
  m_Name: TitleTie
  m_TagString: Untagged
  m_Icon: {fileID: 0}
  m_NavMeshLayer: 0
  m_StaticEditorFlags: 0
  m_IsActive: 1
--- !u!224 &756707589
RectTransform:
  m_ObjectHideFlags: 0
  m_CorrespondingSourceObject: {fileID: 0}
  m_PrefabInstance: {fileID: 0}
  m_PrefabAsset: {fileID: 0}
  m_GameObject: {fileID: 756707588}
  m_LocalRotation: {x: -0, y: -0, z: -0, w: 1}
  m_LocalPosition: {x: 0, y: 0, z: 0}
  m_LocalScale: {x: 1, y: 1, z: 1}
  m_Children: []
  m_Father: {fileID: 1074826242}
  m_RootOrder: 1
  m_LocalEulerAnglesHint: {x: 0, y: 0, z: 0}
  m_AnchorMin: {x: 0.5, y: 1}
  m_AnchorMax: {x: 0.5, y: 1}
  m_AnchoredPosition: {x: 0, y: 0}
  m_SizeDelta: {x: 781.689, y: 288.1051}
  m_Pivot: {x: 0.5, y: 0.5}
--- !u!114 &756707590
MonoBehaviour:
  m_ObjectHideFlags: 0
  m_CorrespondingSourceObject: {fileID: 0}
  m_PrefabInstance: {fileID: 0}
  m_PrefabAsset: {fileID: 0}
  m_GameObject: {fileID: 756707588}
  m_Enabled: 1
  m_EditorHideFlags: 0
  m_Script: {fileID: 11500000, guid: fe87c0e1cc204ed48ad3b37840f39efc, type: 3}
  m_Name: 
  m_EditorClassIdentifier: 
  m_Material: {fileID: 0}
  m_Color: {r: 1, g: 1, b: 1, a: 1}
  m_RaycastTarget: 1
  m_RaycastPadding: {x: 0, y: 0, z: 0, w: 0}
  m_Maskable: 1
  m_OnCullStateChanged:
    m_PersistentCalls:
      m_Calls: []
  m_Sprite: {fileID: 21300000, guid: e496a94818c01484db2969e33ac036dc, type: 3}
  m_Type: 0
  m_PreserveAspect: 0
  m_FillCenter: 1
  m_FillMethod: 4
  m_FillAmount: 1
  m_FillClockwise: 1
  m_FillOrigin: 0
  m_UseSpriteMesh: 0
  m_PixelsPerUnitMultiplier: 1
--- !u!222 &756707591
CanvasRenderer:
  m_ObjectHideFlags: 0
  m_CorrespondingSourceObject: {fileID: 0}
  m_PrefabInstance: {fileID: 0}
  m_PrefabAsset: {fileID: 0}
  m_GameObject: {fileID: 756707588}
  m_CullTransparentMesh: 1
--- !u!114 &845197102 stripped
MonoBehaviour:
  m_CorrespondingSourceObject: {fileID: 3110550689342330210, guid: 8a984dbd8adfade428478f667100b23f, type: 3}
  m_PrefabInstance: {fileID: 3110550689583479372}
  m_PrefabAsset: {fileID: 0}
  m_GameObject: {fileID: 0}
  m_Enabled: 1
  m_EditorHideFlags: 0
  m_Script: {fileID: 11500000, guid: d16d725d5c8f2e143ba968cc6510f4c1, type: 3}
  m_Name: 
  m_EditorClassIdentifier: 
--- !u!224 &889838950 stripped
RectTransform:
  m_CorrespondingSourceObject: {fileID: 5419823814634077868, guid: 3e476f91230172b44906e995f398ba9c, type: 3}
  m_PrefabInstance: {fileID: 1749788670}
  m_PrefabAsset: {fileID: 0}
--- !u!1 &1074826241
GameObject:
  m_ObjectHideFlags: 0
  m_CorrespondingSourceObject: {fileID: 0}
  m_PrefabInstance: {fileID: 0}
  m_PrefabAsset: {fileID: 0}
  serializedVersion: 6
  m_Component:
  - component: {fileID: 1074826242}
  m_Layer: 5
  m_Name: Title
  m_TagString: Untagged
  m_Icon: {fileID: 0}
  m_NavMeshLayer: 0
  m_StaticEditorFlags: 0
  m_IsActive: 1
--- !u!224 &1074826242
RectTransform:
  m_ObjectHideFlags: 0
  m_CorrespondingSourceObject: {fileID: 0}
  m_PrefabInstance: {fileID: 0}
  m_PrefabAsset: {fileID: 0}
  m_GameObject: {fileID: 1074826241}
  m_LocalRotation: {x: -0, y: -0, z: -0, w: 1}
  m_LocalPosition: {x: 0, y: 0, z: 0}
  m_LocalScale: {x: 1, y: 1, z: 1}
  m_Children:
  - {fileID: 364374384}
  - {fileID: 756707589}
  - {fileID: 1238849601}
  m_Father: {fileID: 1593865867}
  m_RootOrder: 0
  m_LocalEulerAnglesHint: {x: 0, y: 0, z: 0}
  m_AnchorMin: {x: 0.5, y: 1}
  m_AnchorMax: {x: 0.5, y: 1}
  m_AnchoredPosition: {x: 0, y: 460}
  m_SizeDelta: {x: 100, y: 100}
  m_Pivot: {x: 0.5, y: 0.5}
--- !u!1001 &1138145968
PrefabInstance:
  m_ObjectHideFlags: 0
  serializedVersion: 2
  m_Modification:
    m_TransformParent: {fileID: 1754560873}
    m_Modifications:
    - target: {fileID: 1407809671914000824, guid: 50117a1c64aa32247af9ef42a0ed0431, type: 3}
      propertyPath: unityEvent.m_PersistentCalls.m_Calls.Array.size
      value: 2
      objectReference: {fileID: 0}
    - target: {fileID: 1407809671914000824, guid: 50117a1c64aa32247af9ef42a0ed0431, type: 3}
      propertyPath: unityEvent.m_PersistentCalls.m_Calls.Array.data[0].m_Mode
      value: 1
      objectReference: {fileID: 0}
    - target: {fileID: 1407809671914000824, guid: 50117a1c64aa32247af9ef42a0ed0431, type: 3}
      propertyPath: unityEvent.m_PersistentCalls.m_Calls.Array.data[1].m_Mode
      value: 6
      objectReference: {fileID: 0}
    - target: {fileID: 1407809671914000824, guid: 50117a1c64aa32247af9ef42a0ed0431, type: 3}
      propertyPath: unityEvent.m_PersistentCalls.m_Calls.Array.data[2].m_Mode
      value: 6
      objectReference: {fileID: 0}
    - target: {fileID: 1407809671914000824, guid: 50117a1c64aa32247af9ef42a0ed0431, type: 3}
      propertyPath: unityEvent.m_PersistentCalls.m_Calls.Array.data[0].m_Target
      value: 
      objectReference: {fileID: 845197102}
    - target: {fileID: 1407809671914000824, guid: 50117a1c64aa32247af9ef42a0ed0431, type: 3}
      propertyPath: unityEvent.m_PersistentCalls.m_Calls.Array.data[1].m_Target
      value: 
      objectReference: {fileID: 596862340}
    - target: {fileID: 1407809671914000824, guid: 50117a1c64aa32247af9ef42a0ed0431, type: 3}
      propertyPath: unityEvent.m_PersistentCalls.m_Calls.Array.data[2].m_Target
      value: 
      objectReference: {fileID: 596862340}
    - target: {fileID: 1407809671914000824, guid: 50117a1c64aa32247af9ef42a0ed0431, type: 3}
      propertyPath: unityEvent.m_PersistentCalls.m_Calls.Array.data[0].m_CallState
      value: 2
      objectReference: {fileID: 0}
    - target: {fileID: 1407809671914000824, guid: 50117a1c64aa32247af9ef42a0ed0431, type: 3}
      propertyPath: unityEvent.m_PersistentCalls.m_Calls.Array.data[1].m_CallState
      value: 2
      objectReference: {fileID: 0}
    - target: {fileID: 1407809671914000824, guid: 50117a1c64aa32247af9ef42a0ed0431, type: 3}
      propertyPath: unityEvent.m_PersistentCalls.m_Calls.Array.data[2].m_CallState
      value: 2
      objectReference: {fileID: 0}
    - target: {fileID: 1407809671914000824, guid: 50117a1c64aa32247af9ef42a0ed0431, type: 3}
      propertyPath: unityEvent.m_PersistentCalls.m_Calls.Array.data[0].m_MethodName
      value: ToScoreMenu
      objectReference: {fileID: 0}
    - target: {fileID: 1407809671914000824, guid: 50117a1c64aa32247af9ef42a0ed0431, type: 3}
      propertyPath: unityEvent.m_PersistentCalls.m_Calls.Array.data[1].m_MethodName
      value: SetActive
      objectReference: {fileID: 0}
    - target: {fileID: 1407809671914000824, guid: 50117a1c64aa32247af9ef42a0ed0431, type: 3}
      propertyPath: unityEvent.m_PersistentCalls.m_Calls.Array.data[2].m_MethodName
      value: SetActive
      objectReference: {fileID: 0}
    - target: {fileID: 1407809671914000824, guid: 50117a1c64aa32247af9ef42a0ed0431, type: 3}
      propertyPath: unityEvent.m_PersistentCalls.m_Calls.Array.data[0].m_TargetAssemblyTypeName
      value: SceneHandlerManager, Assembly-CSharp
      objectReference: {fileID: 0}
    - target: {fileID: 1407809671914000824, guid: 50117a1c64aa32247af9ef42a0ed0431, type: 3}
      propertyPath: unityEvent.m_PersistentCalls.m_Calls.Array.data[1].m_TargetAssemblyTypeName
      value: UnityEngine.GameObject, UnityEngine
      objectReference: {fileID: 0}
    - target: {fileID: 1407809671914000824, guid: 50117a1c64aa32247af9ef42a0ed0431, type: 3}
      propertyPath: unityEvent.m_PersistentCalls.m_Calls.Array.data[2].m_TargetAssemblyTypeName
      value: UnityEngine.GameObject, UnityEngine
      objectReference: {fileID: 0}
    - target: {fileID: 1407809671914000824, guid: 50117a1c64aa32247af9ef42a0ed0431, type: 3}
      propertyPath: unityEvent.m_PersistentCalls.m_Calls.Array.data[1].m_Arguments.m_BoolArgument
      value: 1
      objectReference: {fileID: 0}
    - target: {fileID: 1407809671914000824, guid: 50117a1c64aa32247af9ef42a0ed0431, type: 3}
      propertyPath: unityEvent.m_PersistentCalls.m_Calls.Array.data[2].m_Arguments.m_BoolArgument
      value: 1
      objectReference: {fileID: 0}
    - target: {fileID: 1407809671914000824, guid: 50117a1c64aa32247af9ef42a0ed0431, type: 3}
      propertyPath: unityEvent.m_PersistentCalls.m_Calls.Array.data[0].m_Arguments.m_ObjectArgumentAssemblyTypeName
      value: UnityEngine.Object, UnityEngine
      objectReference: {fileID: 0}
    - target: {fileID: 1407809671914000824, guid: 50117a1c64aa32247af9ef42a0ed0431, type: 3}
      propertyPath: unityEvent.m_PersistentCalls.m_Calls.Array.data[1].m_Arguments.m_ObjectArgumentAssemblyTypeName
      value: UnityEngine.Object, UnityEngine
      objectReference: {fileID: 0}
    - target: {fileID: 1407809671914000824, guid: 50117a1c64aa32247af9ef42a0ed0431, type: 3}
      propertyPath: unityEvent.m_PersistentCalls.m_Calls.Array.data[2].m_Arguments.m_ObjectArgumentAssemblyTypeName
      value: UnityEngine.Object, UnityEngine
      objectReference: {fileID: 0}
    - target: {fileID: 5419823813802776473, guid: 50117a1c64aa32247af9ef42a0ed0431, type: 3}
      propertyPath: m_text
      value: Score
      objectReference: {fileID: 0}
    - target: {fileID: 5419823814634077859, guid: 50117a1c64aa32247af9ef42a0ed0431, type: 3}
      propertyPath: m_Name
      value: BtnScore
      objectReference: {fileID: 0}
    - target: {fileID: 5419823814634077868, guid: 50117a1c64aa32247af9ef42a0ed0431, type: 3}
      propertyPath: m_Pivot.x
      value: 0.5
      objectReference: {fileID: 0}
    - target: {fileID: 5419823814634077868, guid: 50117a1c64aa32247af9ef42a0ed0431, type: 3}
      propertyPath: m_Pivot.y
      value: 0.5
      objectReference: {fileID: 0}
    - target: {fileID: 5419823814634077868, guid: 50117a1c64aa32247af9ef42a0ed0431, type: 3}
      propertyPath: m_RootOrder
      value: 1
      objectReference: {fileID: 0}
    - target: {fileID: 5419823814634077868, guid: 50117a1c64aa32247af9ef42a0ed0431, type: 3}
      propertyPath: m_AnchorMax.x
      value: 0.5
      objectReference: {fileID: 0}
    - target: {fileID: 5419823814634077868, guid: 50117a1c64aa32247af9ef42a0ed0431, type: 3}
      propertyPath: m_AnchorMax.y
      value: 1
      objectReference: {fileID: 0}
    - target: {fileID: 5419823814634077868, guid: 50117a1c64aa32247af9ef42a0ed0431, type: 3}
      propertyPath: m_AnchorMin.x
      value: 0.5
      objectReference: {fileID: 0}
    - target: {fileID: 5419823814634077868, guid: 50117a1c64aa32247af9ef42a0ed0431, type: 3}
      propertyPath: m_AnchorMin.y
      value: 1
      objectReference: {fileID: 0}
    - target: {fileID: 5419823814634077868, guid: 50117a1c64aa32247af9ef42a0ed0431, type: 3}
      propertyPath: m_SizeDelta.x
      value: 400
      objectReference: {fileID: 0}
    - target: {fileID: 5419823814634077868, guid: 50117a1c64aa32247af9ef42a0ed0431, type: 3}
      propertyPath: m_SizeDelta.y
      value: 120
      objectReference: {fileID: 0}
    - target: {fileID: 5419823814634077868, guid: 50117a1c64aa32247af9ef42a0ed0431, type: 3}
      propertyPath: m_LocalPosition.x
      value: 0
      objectReference: {fileID: 0}
    - target: {fileID: 5419823814634077868, guid: 50117a1c64aa32247af9ef42a0ed0431, type: 3}
      propertyPath: m_LocalPosition.y
      value: 0
      objectReference: {fileID: 0}
    - target: {fileID: 5419823814634077868, guid: 50117a1c64aa32247af9ef42a0ed0431, type: 3}
      propertyPath: m_LocalPosition.z
      value: 0
      objectReference: {fileID: 0}
    - target: {fileID: 5419823814634077868, guid: 50117a1c64aa32247af9ef42a0ed0431, type: 3}
      propertyPath: m_LocalRotation.w
      value: 1
      objectReference: {fileID: 0}
    - target: {fileID: 5419823814634077868, guid: 50117a1c64aa32247af9ef42a0ed0431, type: 3}
      propertyPath: m_LocalRotation.x
      value: -0
      objectReference: {fileID: 0}
    - target: {fileID: 5419823814634077868, guid: 50117a1c64aa32247af9ef42a0ed0431, type: 3}
      propertyPath: m_LocalRotation.y
      value: -0
      objectReference: {fileID: 0}
    - target: {fileID: 5419823814634077868, guid: 50117a1c64aa32247af9ef42a0ed0431, type: 3}
      propertyPath: m_LocalRotation.z
      value: -0
      objectReference: {fileID: 0}
    - target: {fileID: 5419823814634077868, guid: 50117a1c64aa32247af9ef42a0ed0431, type: 3}
      propertyPath: m_AnchoredPosition.x
      value: 0
      objectReference: {fileID: 0}
    - target: {fileID: 5419823814634077868, guid: 50117a1c64aa32247af9ef42a0ed0431, type: 3}
      propertyPath: m_AnchoredPosition.y
      value: -300
      objectReference: {fileID: 0}
    - target: {fileID: 5419823814634077868, guid: 50117a1c64aa32247af9ef42a0ed0431, type: 3}
      propertyPath: m_LocalEulerAnglesHint.x
      value: 0
      objectReference: {fileID: 0}
    - target: {fileID: 5419823814634077868, guid: 50117a1c64aa32247af9ef42a0ed0431, type: 3}
      propertyPath: m_LocalEulerAnglesHint.y
      value: 0
      objectReference: {fileID: 0}
    - target: {fileID: 5419823814634077868, guid: 50117a1c64aa32247af9ef42a0ed0431, type: 3}
      propertyPath: m_LocalEulerAnglesHint.z
      value: 0
      objectReference: {fileID: 0}
    - target: {fileID: 5419823814634077869, guid: 50117a1c64aa32247af9ef42a0ed0431, type: 3}
      propertyPath: m_OnClick.m_PersistentCalls.m_Calls.Array.size
      value: 1
      objectReference: {fileID: 0}
    m_RemovedComponents: []
  m_SourcePrefab: {fileID: 100100000, guid: 50117a1c64aa32247af9ef42a0ed0431, type: 3}
--- !u!1 &1238849600
GameObject:
  m_ObjectHideFlags: 0
  m_CorrespondingSourceObject: {fileID: 0}
  m_PrefabInstance: {fileID: 0}
  m_PrefabAsset: {fileID: 0}
  serializedVersion: 6
  m_Component:
  - component: {fileID: 1238849601}
  - component: {fileID: 1238849603}
  - component: {fileID: 1238849602}
  m_Layer: 5
  m_Name: TitleText
  m_TagString: Untagged
  m_Icon: {fileID: 0}
  m_NavMeshLayer: 0
  m_StaticEditorFlags: 0
  m_IsActive: 1
--- !u!224 &1238849601
RectTransform:
  m_ObjectHideFlags: 0
  m_CorrespondingSourceObject: {fileID: 0}
  m_PrefabInstance: {fileID: 0}
  m_PrefabAsset: {fileID: 0}
  m_GameObject: {fileID: 1238849600}
  m_LocalRotation: {x: 0, y: 0, z: 0, w: 1}
  m_LocalPosition: {x: 0, y: 0, z: 0}
  m_LocalScale: {x: 1, y: 1, z: 1}
  m_Children: []
  m_Father: {fileID: 1074826242}
  m_RootOrder: 2
  m_LocalEulerAnglesHint: {x: 0, y: 0, z: 0}
  m_AnchorMin: {x: 0.5, y: 0.5}
  m_AnchorMax: {x: 0.5, y: 0.5}
  m_AnchoredPosition: {x: 0, y: 111}
  m_SizeDelta: {x: 500, y: 50}
  m_Pivot: {x: 0.5, y: 0.5}
--- !u!114 &1238849602
MonoBehaviour:
  m_ObjectHideFlags: 0
  m_CorrespondingSourceObject: {fileID: 0}
  m_PrefabInstance: {fileID: 0}
  m_PrefabAsset: {fileID: 0}
  m_GameObject: {fileID: 1238849600}
  m_Enabled: 1
  m_EditorHideFlags: 0
  m_Script: {fileID: 11500000, guid: f4688fdb7df04437aeb418b961361dc5, type: 3}
  m_Name: 
  m_EditorClassIdentifier: 
  m_Material: {fileID: 0}
  m_Color: {r: 1, g: 1, b: 1, a: 1}
  m_RaycastTarget: 1
  m_RaycastPadding: {x: 0, y: 0, z: 0, w: 0}
  m_Maskable: 1
  m_OnCullStateChanged:
    m_PersistentCalls:
      m_Calls: []
  m_text: TITLE
  m_isRightToLeft: 0
  m_fontAsset: {fileID: 11400000, guid: 5302535af1044152a457ed104f1f4b91, type: 2}
  m_sharedMaterial: {fileID: 2100000, guid: b246c4190f4e46ec9352fe15a7b09ce0, type: 2}
  m_fontSharedMaterials: []
  m_fontMaterial: {fileID: 0}
  m_fontMaterials: []
  m_fontColor32:
    serializedVersion: 2
    rgba: 4294967295
  m_fontColor: {r: 1, g: 1, b: 1, a: 1}
  m_enableVertexGradient: 0
  m_colorMode: 3
  m_fontColorGradient:
    topLeft: {r: 1, g: 1, b: 1, a: 1}
    topRight: {r: 1, g: 1, b: 1, a: 1}
    bottomLeft: {r: 1, g: 1, b: 1, a: 1}
    bottomRight: {r: 1, g: 1, b: 1, a: 1}
  m_fontColorGradientPreset: {fileID: 0}
  m_spriteAsset: {fileID: 0}
  m_tintAllSprites: 0
  m_StyleSheet: {fileID: 0}
  m_TextStyleHashCode: -1183493901
  m_overrideHtmlColors: 0
  m_faceColor:
    serializedVersion: 2
    rgba: 4294967295
  m_fontSize: 80
  m_fontSizeBase: 80
  m_fontWeight: 400
  m_enableAutoSizing: 0
  m_fontSizeMin: 18
  m_fontSizeMax: 72
  m_fontStyle: 1
  m_HorizontalAlignment: 2
  m_VerticalAlignment: 4096
  m_textAlignment: 65535
  m_characterSpacing: 0
  m_wordSpacing: 0
  m_lineSpacing: 0
  m_lineSpacingMax: 0
  m_paragraphSpacing: 0
  m_charWidthMaxAdj: 0
  m_enableWordWrapping: 1
  m_wordWrappingRatios: 0.4
  m_overflowMode: 0
  m_linkedTextComponent: {fileID: 0}
  parentLinkedComponent: {fileID: 0}
  m_enableKerning: 1
  m_enableExtraPadding: 0
  checkPaddingRequired: 0
  m_isRichText: 1
  m_parseCtrlCharacters: 1
  m_isOrthographic: 1
  m_isCullingEnabled: 0
  m_horizontalMapping: 0
  m_verticalMapping: 0
  m_uvLineOffset: 0
  m_geometrySortingOrder: 0
  m_IsTextObjectScaleStatic: 0
  m_VertexBufferAutoSizeReduction: 0
  m_useMaxVisibleDescender: 1
  m_pageToDisplay: 1
  m_margin: {x: 0, y: 0, z: 0, w: 0}
  m_isUsingLegacyAnimationComponent: 0
  m_isVolumetricText: 0
  m_hasFontAssetChanged: 0
  m_baseMaterial: {fileID: 0}
  m_maskOffset: {x: 0, y: 0, z: 0, w: 0}
--- !u!222 &1238849603
CanvasRenderer:
  m_ObjectHideFlags: 0
  m_CorrespondingSourceObject: {fileID: 0}
  m_PrefabInstance: {fileID: 0}
  m_PrefabAsset: {fileID: 0}
  m_GameObject: {fileID: 1238849600}
  m_CullTransparentMesh: 1
--- !u!1 &1250488841
GameObject:
  m_ObjectHideFlags: 0
  m_CorrespondingSourceObject: {fileID: 0}
  m_PrefabInstance: {fileID: 0}
  m_PrefabAsset: {fileID: 0}
  serializedVersion: 6
  m_Component:
  - component: {fileID: 1250488844}
  - component: {fileID: 1250488843}
  - component: {fileID: 1250488842}
  m_Layer: 0
  m_Name: EventSystem
  m_TagString: Untagged
  m_Icon: {fileID: 0}
  m_NavMeshLayer: 0
  m_StaticEditorFlags: 0
  m_IsActive: 1
--- !u!114 &1250488842
MonoBehaviour:
  m_ObjectHideFlags: 0
  m_CorrespondingSourceObject: {fileID: 0}
  m_PrefabInstance: {fileID: 0}
  m_PrefabAsset: {fileID: 0}
  m_GameObject: {fileID: 1250488841}
  m_Enabled: 1
  m_EditorHideFlags: 0
  m_Script: {fileID: 11500000, guid: 4f231c4fb786f3946a6b90b886c48677, type: 3}
  m_Name: 
  m_EditorClassIdentifier: 
  m_HorizontalAxis: Horizontal
  m_VerticalAxis: Vertical
  m_SubmitButton: Submit
  m_CancelButton: Cancel
  m_InputActionsPerSecond: 10
  m_RepeatDelay: 0.5
  m_ForceModuleActive: 0
--- !u!114 &1250488843
MonoBehaviour:
  m_ObjectHideFlags: 0
  m_CorrespondingSourceObject: {fileID: 0}
  m_PrefabInstance: {fileID: 0}
  m_PrefabAsset: {fileID: 0}
  m_GameObject: {fileID: 1250488841}
  m_Enabled: 1
  m_EditorHideFlags: 0
  m_Script: {fileID: 11500000, guid: 76c392e42b5098c458856cdf6ecaaaa1, type: 3}
  m_Name: 
  m_EditorClassIdentifier: 
  m_FirstSelected: {fileID: 0}
  m_sendNavigationEvents: 1
  m_DragThreshold: 10
--- !u!4 &1250488844
Transform:
  m_ObjectHideFlags: 0
  m_CorrespondingSourceObject: {fileID: 0}
  m_PrefabInstance: {fileID: 0}
  m_PrefabAsset: {fileID: 0}
  m_GameObject: {fileID: 1250488841}
  m_LocalRotation: {x: 0, y: 0, z: 0, w: 1}
  m_LocalPosition: {x: 0, y: 0, z: 0}
  m_LocalScale: {x: 1, y: 1, z: 1}
  m_Children: []
  m_Father: {fileID: 0}
  m_RootOrder: 1
  m_LocalEulerAnglesHint: {x: 0, y: 0, z: 0}
--- !u!1001 &1446608000
PrefabInstance:
  m_ObjectHideFlags: 0
  serializedVersion: 2
  m_Modification:
    m_TransformParent: {fileID: 380429555}
    m_Modifications:
    - target: {fileID: 5419823814634077859, guid: 3e476f91230172b44906e995f398ba9c, type: 3}
      propertyPath: m_Name
      value: BtnAchievment
      objectReference: {fileID: 0}
    - target: {fileID: 5419823814634077859, guid: 3e476f91230172b44906e995f398ba9c, type: 3}
      propertyPath: m_IsActive
      value: 1
      objectReference: {fileID: 0}
    - target: {fileID: 5419823814634077868, guid: 3e476f91230172b44906e995f398ba9c, type: 3}
      propertyPath: m_Pivot.x
      value: 0.5
      objectReference: {fileID: 0}
    - target: {fileID: 5419823814634077868, guid: 3e476f91230172b44906e995f398ba9c, type: 3}
      propertyPath: m_Pivot.y
      value: 0.5
      objectReference: {fileID: 0}
    - target: {fileID: 5419823814634077868, guid: 3e476f91230172b44906e995f398ba9c, type: 3}
      propertyPath: m_RootOrder
      value: 2
      objectReference: {fileID: 0}
    - target: {fileID: 5419823814634077868, guid: 3e476f91230172b44906e995f398ba9c, type: 3}
      propertyPath: m_AnchorMax.x
      value: 0.5
      objectReference: {fileID: 0}
    - target: {fileID: 5419823814634077868, guid: 3e476f91230172b44906e995f398ba9c, type: 3}
      propertyPath: m_AnchorMax.y
      value: 0.5
      objectReference: {fileID: 0}
    - target: {fileID: 5419823814634077868, guid: 3e476f91230172b44906e995f398ba9c, type: 3}
      propertyPath: m_AnchorMin.x
      value: 0.5
      objectReference: {fileID: 0}
    - target: {fileID: 5419823814634077868, guid: 3e476f91230172b44906e995f398ba9c, type: 3}
      propertyPath: m_AnchorMin.y
      value: 0.5
      objectReference: {fileID: 0}
    - target: {fileID: 5419823814634077868, guid: 3e476f91230172b44906e995f398ba9c, type: 3}
      propertyPath: m_SizeDelta.x
      value: 160
      objectReference: {fileID: 0}
    - target: {fileID: 5419823814634077868, guid: 3e476f91230172b44906e995f398ba9c, type: 3}
      propertyPath: m_SizeDelta.y
      value: 160
      objectReference: {fileID: 0}
    - target: {fileID: 5419823814634077868, guid: 3e476f91230172b44906e995f398ba9c, type: 3}
      propertyPath: m_LocalPosition.x
      value: 0
      objectReference: {fileID: 0}
    - target: {fileID: 5419823814634077868, guid: 3e476f91230172b44906e995f398ba9c, type: 3}
      propertyPath: m_LocalPosition.y
      value: 0
      objectReference: {fileID: 0}
    - target: {fileID: 5419823814634077868, guid: 3e476f91230172b44906e995f398ba9c, type: 3}
      propertyPath: m_LocalPosition.z
      value: 0
      objectReference: {fileID: 0}
    - target: {fileID: 5419823814634077868, guid: 3e476f91230172b44906e995f398ba9c, type: 3}
      propertyPath: m_LocalRotation.w
      value: 1
      objectReference: {fileID: 0}
    - target: {fileID: 5419823814634077868, guid: 3e476f91230172b44906e995f398ba9c, type: 3}
      propertyPath: m_LocalRotation.x
      value: 0
      objectReference: {fileID: 0}
    - target: {fileID: 5419823814634077868, guid: 3e476f91230172b44906e995f398ba9c, type: 3}
      propertyPath: m_LocalRotation.y
      value: 0
      objectReference: {fileID: 0}
    - target: {fileID: 5419823814634077868, guid: 3e476f91230172b44906e995f398ba9c, type: 3}
      propertyPath: m_LocalRotation.z
      value: 0
      objectReference: {fileID: 0}
    - target: {fileID: 5419823814634077868, guid: 3e476f91230172b44906e995f398ba9c, type: 3}
      propertyPath: m_AnchoredPosition.x
      value: 100
      objectReference: {fileID: 0}
    - target: {fileID: 5419823814634077868, guid: 3e476f91230172b44906e995f398ba9c, type: 3}
      propertyPath: m_AnchoredPosition.y
      value: 40
      objectReference: {fileID: 0}
    - target: {fileID: 5419823814634077868, guid: 3e476f91230172b44906e995f398ba9c, type: 3}
      propertyPath: m_LocalEulerAnglesHint.x
      value: 0
      objectReference: {fileID: 0}
    - target: {fileID: 5419823814634077868, guid: 3e476f91230172b44906e995f398ba9c, type: 3}
      propertyPath: m_LocalEulerAnglesHint.y
      value: 0
      objectReference: {fileID: 0}
    - target: {fileID: 5419823814634077868, guid: 3e476f91230172b44906e995f398ba9c, type: 3}
      propertyPath: m_LocalEulerAnglesHint.z
      value: 0
      objectReference: {fileID: 0}
    - target: {fileID: 5419823814634077869, guid: 3e476f91230172b44906e995f398ba9c, type: 3}
      propertyPath: m_OnClick.m_PersistentCalls.m_Calls.Array.data[1].m_Target
      value: 
      objectReference: {fileID: 596862340}
    - target: {fileID: 5419823814634077869, guid: 3e476f91230172b44906e995f398ba9c, type: 3}
      propertyPath: m_OnClick.m_PersistentCalls.m_Calls.Array.data[0].m_MethodName
      value: OnButtonClicked
      objectReference: {fileID: 0}
    - target: {fileID: 5419823814634077869, guid: 3e476f91230172b44906e995f398ba9c, type: 3}
      propertyPath: m_OnClick.m_PersistentCalls.m_Calls.Array.data[1].m_MethodName
      value: SetActive
      objectReference: {fileID: 0}
    - target: {fileID: 5419823814634077869, guid: 3e476f91230172b44906e995f398ba9c, type: 3}
      propertyPath: m_OnClick.m_PersistentCalls.m_Calls.Array.data[0].m_TargetAssemblyTypeName
      value: AnimateOnClickButton, Assembly-CSharp
      objectReference: {fileID: 0}
    - target: {fileID: 5419823814634077870, guid: 3e476f91230172b44906e995f398ba9c, type: 3}
      propertyPath: m_Sprite
      value: 
      objectReference: {fileID: 21300000, guid: 2e6e1895c56dc79498c2874f1fbb1528, type: 3}
    m_RemovedComponents:
    - {fileID: 5419823814634077864, guid: 3e476f91230172b44906e995f398ba9c, type: 3}
  m_SourcePrefab: {fileID: 100100000, guid: 3e476f91230172b44906e995f398ba9c, type: 3}
--- !u!224 &1446608001 stripped
RectTransform:
  m_CorrespondingSourceObject: {fileID: 5419823814634077868, guid: 3e476f91230172b44906e995f398ba9c, type: 3}
  m_PrefabInstance: {fileID: 1446608000}
  m_PrefabAsset: {fileID: 0}
--- !u!1 &1537640990
GameObject:
  m_ObjectHideFlags: 0
  m_CorrespondingSourceObject: {fileID: 0}
  m_PrefabInstance: {fileID: 0}
  m_PrefabAsset: {fileID: 0}
  serializedVersion: 6
  m_Component:
  - component: {fileID: 1537640991}
  m_Layer: 5
  m_Name: Menu
  m_TagString: Untagged
  m_Icon: {fileID: 0}
  m_NavMeshLayer: 0
  m_StaticEditorFlags: 0
  m_IsActive: 1
--- !u!224 &1537640991
RectTransform:
  m_ObjectHideFlags: 0
  m_CorrespondingSourceObject: {fileID: 0}
  m_PrefabInstance: {fileID: 0}
  m_PrefabAsset: {fileID: 0}
  m_GameObject: {fileID: 1537640990}
  m_LocalRotation: {x: -0, y: -0, z: -0, w: 1}
  m_LocalPosition: {x: 0, y: 0, z: 0}
  m_LocalScale: {x: 1, y: 1, z: 1}
  m_Children:
  - {fileID: 425774898}
  - {fileID: 1754560873}
  m_Father: {fileID: 1593865867}
  m_RootOrder: 1
  m_LocalEulerAnglesHint: {x: 0, y: 0, z: 0}
  m_AnchorMin: {x: 0.5, y: 0.5}
  m_AnchorMax: {x: 0.5, y: 0.5}
  m_AnchoredPosition: {x: 0, y: 0}
  m_SizeDelta: {x: 100, y: 100}
  m_Pivot: {x: 0.5, y: 0.5}
--- !u!1 &1593865866
GameObject:
  m_ObjectHideFlags: 0
  m_CorrespondingSourceObject: {fileID: 0}
  m_PrefabInstance: {fileID: 0}
  m_PrefabAsset: {fileID: 0}
  serializedVersion: 6
  m_Component:
  - component: {fileID: 1593865867}
  m_Layer: 5
  m_Name: Group
  m_TagString: Untagged
  m_Icon: {fileID: 0}
  m_NavMeshLayer: 0
  m_StaticEditorFlags: 0
  m_IsActive: 1
--- !u!224 &1593865867
RectTransform:
  m_ObjectHideFlags: 0
  m_CorrespondingSourceObject: {fileID: 0}
  m_PrefabInstance: {fileID: 0}
  m_PrefabAsset: {fileID: 0}
  m_GameObject: {fileID: 1593865866}
  m_LocalRotation: {x: -0, y: -0, z: -0, w: 1}
  m_LocalPosition: {x: 0, y: 0, z: 0}
  m_LocalScale: {x: 1, y: 1, z: 1}
  m_Children:
  - {fileID: 1074826242}
  - {fileID: 1537640991}
  - {fileID: 380429555}
  m_Father: {fileID: 464383753}
  m_RootOrder: 0
  m_LocalEulerAnglesHint: {x: 0, y: 0, z: 0}
  m_AnchorMin: {x: 0.5, y: 0.5}
  m_AnchorMax: {x: 0.5, y: 0.5}
  m_AnchoredPosition: {x: 0, y: 0}
  m_SizeDelta: {x: 100, y: 100}
  m_Pivot: {x: 0.5, y: 0.5}
--- !u!1001 &1749788670
PrefabInstance:
  m_ObjectHideFlags: 0
  serializedVersion: 2
  m_Modification:
    m_TransformParent: {fileID: 380429555}
    m_Modifications:
    - target: {fileID: 5419823814634077859, guid: 3e476f91230172b44906e995f398ba9c, type: 3}
      propertyPath: m_Name
      value: BtnLikeGame
      objectReference: {fileID: 0}
    - target: {fileID: 5419823814634077859, guid: 3e476f91230172b44906e995f398ba9c, type: 3}
      propertyPath: m_IsActive
      value: 1
      objectReference: {fileID: 0}
    - target: {fileID: 5419823814634077868, guid: 3e476f91230172b44906e995f398ba9c, type: 3}
      propertyPath: m_Pivot.x
      value: 0.5
      objectReference: {fileID: 0}
    - target: {fileID: 5419823814634077868, guid: 3e476f91230172b44906e995f398ba9c, type: 3}
      propertyPath: m_Pivot.y
      value: 0.5
      objectReference: {fileID: 0}
    - target: {fileID: 5419823814634077868, guid: 3e476f91230172b44906e995f398ba9c, type: 3}
      propertyPath: m_RootOrder
      value: 1
      objectReference: {fileID: 0}
    - target: {fileID: 5419823814634077868, guid: 3e476f91230172b44906e995f398ba9c, type: 3}
      propertyPath: m_AnchorMax.x
      value: 0.5
      objectReference: {fileID: 0}
    - target: {fileID: 5419823814634077868, guid: 3e476f91230172b44906e995f398ba9c, type: 3}
      propertyPath: m_AnchorMax.y
      value: 0.5
      objectReference: {fileID: 0}
    - target: {fileID: 5419823814634077868, guid: 3e476f91230172b44906e995f398ba9c, type: 3}
      propertyPath: m_AnchorMin.x
      value: 0.5
      objectReference: {fileID: 0}
    - target: {fileID: 5419823814634077868, guid: 3e476f91230172b44906e995f398ba9c, type: 3}
      propertyPath: m_AnchorMin.y
      value: 0.5
      objectReference: {fileID: 0}
    - target: {fileID: 5419823814634077868, guid: 3e476f91230172b44906e995f398ba9c, type: 3}
      propertyPath: m_SizeDelta.x
      value: 160
      objectReference: {fileID: 0}
    - target: {fileID: 5419823814634077868, guid: 3e476f91230172b44906e995f398ba9c, type: 3}
      propertyPath: m_SizeDelta.y
      value: 160
      objectReference: {fileID: 0}
    - target: {fileID: 5419823814634077868, guid: 3e476f91230172b44906e995f398ba9c, type: 3}
      propertyPath: m_LocalPosition.x
      value: 0
      objectReference: {fileID: 0}
    - target: {fileID: 5419823814634077868, guid: 3e476f91230172b44906e995f398ba9c, type: 3}
      propertyPath: m_LocalPosition.y
      value: 0
      objectReference: {fileID: 0}
    - target: {fileID: 5419823814634077868, guid: 3e476f91230172b44906e995f398ba9c, type: 3}
      propertyPath: m_LocalPosition.z
      value: 0
      objectReference: {fileID: 0}
    - target: {fileID: 5419823814634077868, guid: 3e476f91230172b44906e995f398ba9c, type: 3}
      propertyPath: m_LocalRotation.w
      value: 1
      objectReference: {fileID: 0}
    - target: {fileID: 5419823814634077868, guid: 3e476f91230172b44906e995f398ba9c, type: 3}
      propertyPath: m_LocalRotation.x
      value: 0
      objectReference: {fileID: 0}
    - target: {fileID: 5419823814634077868, guid: 3e476f91230172b44906e995f398ba9c, type: 3}
      propertyPath: m_LocalRotation.y
      value: 0
      objectReference: {fileID: 0}
    - target: {fileID: 5419823814634077868, guid: 3e476f91230172b44906e995f398ba9c, type: 3}
      propertyPath: m_LocalRotation.z
      value: 0
      objectReference: {fileID: 0}
    - target: {fileID: 5419823814634077868, guid: 3e476f91230172b44906e995f398ba9c, type: 3}
      propertyPath: m_AnchoredPosition.x
      value: -100
      objectReference: {fileID: 0}
    - target: {fileID: 5419823814634077868, guid: 3e476f91230172b44906e995f398ba9c, type: 3}
      propertyPath: m_AnchoredPosition.y
      value: 40
      objectReference: {fileID: 0}
    - target: {fileID: 5419823814634077868, guid: 3e476f91230172b44906e995f398ba9c, type: 3}
      propertyPath: m_LocalEulerAnglesHint.x
      value: 0
      objectReference: {fileID: 0}
    - target: {fileID: 5419823814634077868, guid: 3e476f91230172b44906e995f398ba9c, type: 3}
      propertyPath: m_LocalEulerAnglesHint.y
      value: 0
      objectReference: {fileID: 0}
    - target: {fileID: 5419823814634077868, guid: 3e476f91230172b44906e995f398ba9c, type: 3}
      propertyPath: m_LocalEulerAnglesHint.z
      value: 0
      objectReference: {fileID: 0}
    - target: {fileID: 5419823814634077869, guid: 3e476f91230172b44906e995f398ba9c, type: 3}
      propertyPath: m_OnClick.m_PersistentCalls.m_Calls.Array.data[1].m_Target
      value: 
      objectReference: {fileID: 596862340}
    - target: {fileID: 5419823814634077869, guid: 3e476f91230172b44906e995f398ba9c, type: 3}
      propertyPath: m_OnClick.m_PersistentCalls.m_Calls.Array.data[0].m_MethodName
      value: OnButtonClicked
      objectReference: {fileID: 0}
    - target: {fileID: 5419823814634077869, guid: 3e476f91230172b44906e995f398ba9c, type: 3}
      propertyPath: m_OnClick.m_PersistentCalls.m_Calls.Array.data[1].m_MethodName
      value: SetActive
      objectReference: {fileID: 0}
    - target: {fileID: 5419823814634077869, guid: 3e476f91230172b44906e995f398ba9c, type: 3}
      propertyPath: m_OnClick.m_PersistentCalls.m_Calls.Array.data[0].m_TargetAssemblyTypeName
      value: AnimateOnClickButton, Assembly-CSharp
      objectReference: {fileID: 0}
    m_RemovedComponents: []
  m_SourcePrefab: {fileID: 100100000, guid: 3e476f91230172b44906e995f398ba9c, type: 3}
--- !u!1 &1754560872
GameObject:
  m_ObjectHideFlags: 0
  m_CorrespondingSourceObject: {fileID: 0}
  m_PrefabInstance: {fileID: 0}
  m_PrefabAsset: {fileID: 0}
  serializedVersion: 6
  m_Component:
  - component: {fileID: 1754560873}
  m_Layer: 5
  m_Name: BtnGroup
  m_TagString: Untagged
  m_Icon: {fileID: 0}
  m_NavMeshLayer: 0
  m_StaticEditorFlags: 0
  m_IsActive: 1
--- !u!224 &1754560873
RectTransform:
  m_ObjectHideFlags: 0
  m_CorrespondingSourceObject: {fileID: 0}
  m_PrefabInstance: {fileID: 0}
  m_PrefabAsset: {fileID: 0}
  m_GameObject: {fileID: 1754560872}
  m_LocalRotation: {x: -0, y: -0, z: -0, w: 1}
  m_LocalPosition: {x: 0, y: 0, z: 0}
  m_LocalScale: {x: 1, y: 1, z: 1}
  m_Children:
  - {fileID: 2063551246}
  - {fileID: 170850270}
  - {fileID: 518728334}
  m_Father: {fileID: 1537640991}
  m_RootOrder: 1
  m_LocalEulerAnglesHint: {x: 0, y: 0, z: 0}
  m_AnchorMin: {x: 0.5, y: 0.5}
  m_AnchorMax: {x: 0.5, y: 0.5}
  m_AnchoredPosition: {x: 0, y: 0}
  m_SizeDelta: {x: 600, y: 700}
  m_Pivot: {x: 0.5, y: 0.5}
--- !u!224 &2063551246 stripped
RectTransform:
  m_CorrespondingSourceObject: {fileID: 5419823814634077868, guid: 50117a1c64aa32247af9ef42a0ed0431, type: 3}
  m_PrefabInstance: {fileID: 715592980}
  m_PrefabAsset: {fileID: 0}
--- !u!1001 &3110550689583479372
PrefabInstance:
  m_ObjectHideFlags: 0
  serializedVersion: 2
  m_Modification:
    m_TransformParent: {fileID: 0}
    m_Modifications:
    - target: {fileID: 3110550689342330208, guid: 8a984dbd8adfade428478f667100b23f, type: 3}
      propertyPath: m_Name
      value: SceneHandler
      objectReference: {fileID: 0}
    - target: {fileID: 3110550689342330209, guid: 8a984dbd8adfade428478f667100b23f, type: 3}
      propertyPath: m_RootOrder
      value: 2
      objectReference: {fileID: 0}
    - target: {fileID: 3110550689342330209, guid: 8a984dbd8adfade428478f667100b23f, type: 3}
      propertyPath: m_LocalPosition.x
      value: 0
      objectReference: {fileID: 0}
    - target: {fileID: 3110550689342330209, guid: 8a984dbd8adfade428478f667100b23f, type: 3}
      propertyPath: m_LocalPosition.y
      value: 0
      objectReference: {fileID: 0}
    - target: {fileID: 3110550689342330209, guid: 8a984dbd8adfade428478f667100b23f, type: 3}
      propertyPath: m_LocalPosition.z
      value: 0
      objectReference: {fileID: 0}
    - target: {fileID: 3110550689342330209, guid: 8a984dbd8adfade428478f667100b23f, type: 3}
      propertyPath: m_LocalRotation.w
      value: 1
      objectReference: {fileID: 0}
    - target: {fileID: 3110550689342330209, guid: 8a984dbd8adfade428478f667100b23f, type: 3}
      propertyPath: m_LocalRotation.x
      value: 0
      objectReference: {fileID: 0}
    - target: {fileID: 3110550689342330209, guid: 8a984dbd8adfade428478f667100b23f, type: 3}
      propertyPath: m_LocalRotation.y
      value: 0
      objectReference: {fileID: 0}
    - target: {fileID: 3110550689342330209, guid: 8a984dbd8adfade428478f667100b23f, type: 3}
      propertyPath: m_LocalRotation.z
      value: 0
      objectReference: {fileID: 0}
    - target: {fileID: 3110550689342330209, guid: 8a984dbd8adfade428478f667100b23f, type: 3}
      propertyPath: m_LocalEulerAnglesHint.x
      value: 0
      objectReference: {fileID: 0}
    - target: {fileID: 3110550689342330209, guid: 8a984dbd8adfade428478f667100b23f, type: 3}
      propertyPath: m_LocalEulerAnglesHint.y
      value: 0
      objectReference: {fileID: 0}
    - target: {fileID: 3110550689342330209, guid: 8a984dbd8adfade428478f667100b23f, type: 3}
      propertyPath: m_LocalEulerAnglesHint.z
      value: 0
      objectReference: {fileID: 0}
    m_RemovedComponents: []
  m_SourcePrefab: {fileID: 100100000, guid: 8a984dbd8adfade428478f667100b23f, type: 3}
--- !u!1001 &4626504384483681004
PrefabInstance:
  m_ObjectHideFlags: 0
  serializedVersion: 2
  m_Modification:
    m_TransformParent: {fileID: 59439164}
    m_Modifications:
    - target: {fileID: 4626504383989581672, guid: bed19dd57bfd2cf478180aa93b923306, type: 3}
      propertyPath: m_Name
      value: BGBlack
      objectReference: {fileID: 0}
    - target: {fileID: 4626504383989581672, guid: bed19dd57bfd2cf478180aa93b923306, type: 3}
      propertyPath: m_IsActive
      value: 0
      objectReference: {fileID: 0}
    - target: {fileID: 4626504383989581673, guid: bed19dd57bfd2cf478180aa93b923306, type: 3}
      propertyPath: m_Pivot.x
      value: 0.5
      objectReference: {fileID: 0}
    - target: {fileID: 4626504383989581673, guid: bed19dd57bfd2cf478180aa93b923306, type: 3}
      propertyPath: m_Pivot.y
      value: 0.5
      objectReference: {fileID: 0}
    - target: {fileID: 4626504383989581673, guid: bed19dd57bfd2cf478180aa93b923306, type: 3}
      propertyPath: m_RootOrder
      value: 1
      objectReference: {fileID: 0}
    - target: {fileID: 4626504383989581673, guid: bed19dd57bfd2cf478180aa93b923306, type: 3}
      propertyPath: m_AnchorMax.x
      value: 1
      objectReference: {fileID: 0}
    - target: {fileID: 4626504383989581673, guid: bed19dd57bfd2cf478180aa93b923306, type: 3}
      propertyPath: m_AnchorMax.y
      value: 1
      objectReference: {fileID: 0}
    - target: {fileID: 4626504383989581673, guid: bed19dd57bfd2cf478180aa93b923306, type: 3}
      propertyPath: m_AnchorMin.x
      value: 0
      objectReference: {fileID: 0}
    - target: {fileID: 4626504383989581673, guid: bed19dd57bfd2cf478180aa93b923306, type: 3}
      propertyPath: m_AnchorMin.y
      value: 0
      objectReference: {fileID: 0}
    - target: {fileID: 4626504383989581673, guid: bed19dd57bfd2cf478180aa93b923306, type: 3}
      propertyPath: m_SizeDelta.x
      value: 45
      objectReference: {fileID: 0}
    - target: {fileID: 4626504383989581673, guid: bed19dd57bfd2cf478180aa93b923306, type: 3}
      propertyPath: m_SizeDelta.y
      value: 97.43994
      objectReference: {fileID: 0}
    - target: {fileID: 4626504383989581673, guid: bed19dd57bfd2cf478180aa93b923306, type: 3}
      propertyPath: m_LocalPosition.x
      value: 0
      objectReference: {fileID: 0}
    - target: {fileID: 4626504383989581673, guid: bed19dd57bfd2cf478180aa93b923306, type: 3}
      propertyPath: m_LocalPosition.y
      value: 0
      objectReference: {fileID: 0}
    - target: {fileID: 4626504383989581673, guid: bed19dd57bfd2cf478180aa93b923306, type: 3}
      propertyPath: m_LocalPosition.z
      value: 0
      objectReference: {fileID: 0}
    - target: {fileID: 4626504383989581673, guid: bed19dd57bfd2cf478180aa93b923306, type: 3}
      propertyPath: m_LocalRotation.w
      value: 1
      objectReference: {fileID: 0}
    - target: {fileID: 4626504383989581673, guid: bed19dd57bfd2cf478180aa93b923306, type: 3}
      propertyPath: m_LocalRotation.x
      value: -0
      objectReference: {fileID: 0}
    - target: {fileID: 4626504383989581673, guid: bed19dd57bfd2cf478180aa93b923306, type: 3}
      propertyPath: m_LocalRotation.y
      value: -0
      objectReference: {fileID: 0}
    - target: {fileID: 4626504383989581673, guid: bed19dd57bfd2cf478180aa93b923306, type: 3}
      propertyPath: m_LocalRotation.z
      value: -0
      objectReference: {fileID: 0}
    - target: {fileID: 4626504383989581673, guid: bed19dd57bfd2cf478180aa93b923306, type: 3}
      propertyPath: m_AnchoredPosition.x
      value: 0
      objectReference: {fileID: 0}
    - target: {fileID: 4626504383989581673, guid: bed19dd57bfd2cf478180aa93b923306, type: 3}
      propertyPath: m_AnchoredPosition.y
      value: 0
      objectReference: {fileID: 0}
    - target: {fileID: 4626504383989581673, guid: bed19dd57bfd2cf478180aa93b923306, type: 3}
      propertyPath: m_LocalEulerAnglesHint.x
      value: 0
      objectReference: {fileID: 0}
    - target: {fileID: 4626504383989581673, guid: bed19dd57bfd2cf478180aa93b923306, type: 3}
      propertyPath: m_LocalEulerAnglesHint.y
      value: 0
      objectReference: {fileID: 0}
    - target: {fileID: 4626504383989581673, guid: bed19dd57bfd2cf478180aa93b923306, type: 3}
      propertyPath: m_LocalEulerAnglesHint.z
      value: 0
      objectReference: {fileID: 0}
    m_RemovedComponents: []
  m_SourcePrefab: {fileID: 100100000, guid: bed19dd57bfd2cf478180aa93b923306, type: 3}
--- !u!1001 &6161298437323221149
PrefabInstance:
  m_ObjectHideFlags: 0
  serializedVersion: 2
  m_Modification:
    m_TransformParent: {fileID: 464383753}
    m_Modifications:
    - target: {fileID: 6161298437321959874, guid: e699be60c7e6d434d8195fd5b0b0742d, type: 3}
      propertyPath: m_Name
      value: BtnSetting
      objectReference: {fileID: 0}
    - target: {fileID: 6161298437321959874, guid: e699be60c7e6d434d8195fd5b0b0742d, type: 3}
      propertyPath: m_IsActive
      value: 1
      objectReference: {fileID: 0}
    - target: {fileID: 6161298437321959929, guid: e699be60c7e6d434d8195fd5b0b0742d, type: 3}
      propertyPath: unityEvent.m_PersistentCalls.m_Calls.Array.data[0].m_Target
      value: 
      objectReference: {fileID: 845197102}
    - target: {fileID: 6161298437321959929, guid: e699be60c7e6d434d8195fd5b0b0742d, type: 3}
      propertyPath: unityEvent.m_PersistentCalls.m_Calls.Array.data[1].m_Target
      value: 
      objectReference: {fileID: 845197102}
    - target: {fileID: 6161298437321959932, guid: e699be60c7e6d434d8195fd5b0b0742d, type: 3}
      propertyPath: m_OnClick.m_PersistentCalls.m_Calls.Array.data[1].m_Mode
      value: 6
      objectReference: {fileID: 0}
    - target: {fileID: 6161298437321959932, guid: e699be60c7e6d434d8195fd5b0b0742d, type: 3}
      propertyPath: m_OnClick.m_PersistentCalls.m_Calls.Array.data[0].m_Target
      value: 
      objectReference: {fileID: 7291236}
    - target: {fileID: 6161298437321959932, guid: e699be60c7e6d434d8195fd5b0b0742d, type: 3}
      propertyPath: m_OnClick.m_PersistentCalls.m_Calls.Array.data[1].m_Target
      value: 
      objectReference: {fileID: 596862340}
    - target: {fileID: 6161298437321959932, guid: e699be60c7e6d434d8195fd5b0b0742d, type: 3}
      propertyPath: m_OnClick.m_PersistentCalls.m_Calls.Array.data[0].m_MethodName
      value: OnButtonClicked
      objectReference: {fileID: 0}
    - target: {fileID: 6161298437321959932, guid: e699be60c7e6d434d8195fd5b0b0742d, type: 3}
      propertyPath: m_OnClick.m_PersistentCalls.m_Calls.Array.data[1].m_MethodName
      value: SetActive
      objectReference: {fileID: 0}
    - target: {fileID: 6161298437321959932, guid: e699be60c7e6d434d8195fd5b0b0742d, type: 3}
      propertyPath: m_OnClick.m_PersistentCalls.m_Calls.Array.data[1].m_TargetAssemblyTypeName
      value: UnityEngine.GameObject, UnityEngine
      objectReference: {fileID: 0}
    - target: {fileID: 6161298437321959933, guid: e699be60c7e6d434d8195fd5b0b0742d, type: 3}
      propertyPath: m_Pivot.x
      value: 0.5
      objectReference: {fileID: 0}
    - target: {fileID: 6161298437321959933, guid: e699be60c7e6d434d8195fd5b0b0742d, type: 3}
      propertyPath: m_Pivot.y
      value: 0.5
      objectReference: {fileID: 0}
    - target: {fileID: 6161298437321959933, guid: e699be60c7e6d434d8195fd5b0b0742d, type: 3}
      propertyPath: m_RootOrder
      value: 1
      objectReference: {fileID: 0}
    - target: {fileID: 6161298437321959933, guid: e699be60c7e6d434d8195fd5b0b0742d, type: 3}
      propertyPath: m_AnchorMax.x
      value: 0
      objectReference: {fileID: 0}
    - target: {fileID: 6161298437321959933, guid: e699be60c7e6d434d8195fd5b0b0742d, type: 3}
      propertyPath: m_AnchorMax.y
      value: 0
      objectReference: {fileID: 0}
    - target: {fileID: 6161298437321959933, guid: e699be60c7e6d434d8195fd5b0b0742d, type: 3}
      propertyPath: m_AnchorMin.x
      value: 0
      objectReference: {fileID: 0}
    - target: {fileID: 6161298437321959933, guid: e699be60c7e6d434d8195fd5b0b0742d, type: 3}
      propertyPath: m_AnchorMin.y
      value: 0
      objectReference: {fileID: 0}
    - target: {fileID: 6161298437321959933, guid: e699be60c7e6d434d8195fd5b0b0742d, type: 3}
      propertyPath: m_SizeDelta.x
      value: 100
      objectReference: {fileID: 0}
    - target: {fileID: 6161298437321959933, guid: e699be60c7e6d434d8195fd5b0b0742d, type: 3}
      propertyPath: m_SizeDelta.y
      value: 100
      objectReference: {fileID: 0}
    - target: {fileID: 6161298437321959933, guid: e699be60c7e6d434d8195fd5b0b0742d, type: 3}
      propertyPath: m_LocalPosition.x
      value: 0
      objectReference: {fileID: 0}
    - target: {fileID: 6161298437321959933, guid: e699be60c7e6d434d8195fd5b0b0742d, type: 3}
      propertyPath: m_LocalPosition.y
      value: 0
      objectReference: {fileID: 0}
    - target: {fileID: 6161298437321959933, guid: e699be60c7e6d434d8195fd5b0b0742d, type: 3}
      propertyPath: m_LocalPosition.z
      value: 0
      objectReference: {fileID: 0}
    - target: {fileID: 6161298437321959933, guid: e699be60c7e6d434d8195fd5b0b0742d, type: 3}
      propertyPath: m_LocalRotation.w
      value: 1
      objectReference: {fileID: 0}
    - target: {fileID: 6161298437321959933, guid: e699be60c7e6d434d8195fd5b0b0742d, type: 3}
      propertyPath: m_LocalRotation.x
      value: -0
      objectReference: {fileID: 0}
    - target: {fileID: 6161298437321959933, guid: e699be60c7e6d434d8195fd5b0b0742d, type: 3}
      propertyPath: m_LocalRotation.y
      value: -0
      objectReference: {fileID: 0}
    - target: {fileID: 6161298437321959933, guid: e699be60c7e6d434d8195fd5b0b0742d, type: 3}
      propertyPath: m_LocalRotation.z
      value: -0
      objectReference: {fileID: 0}
    - target: {fileID: 6161298437321959933, guid: e699be60c7e6d434d8195fd5b0b0742d, type: 3}
      propertyPath: m_AnchoredPosition.x
      value: 80
      objectReference: {fileID: 0}
    - target: {fileID: 6161298437321959933, guid: e699be60c7e6d434d8195fd5b0b0742d, type: 3}
      propertyPath: m_AnchoredPosition.y
      value: 80
      objectReference: {fileID: 0}
    - target: {fileID: 6161298437321959933, guid: e699be60c7e6d434d8195fd5b0b0742d, type: 3}
      propertyPath: m_LocalEulerAnglesHint.x
      value: 0
      objectReference: {fileID: 0}
    - target: {fileID: 6161298437321959933, guid: e699be60c7e6d434d8195fd5b0b0742d, type: 3}
      propertyPath: m_LocalEulerAnglesHint.y
      value: 0
      objectReference: {fileID: 0}
    - target: {fileID: 6161298437321959933, guid: e699be60c7e6d434d8195fd5b0b0742d, type: 3}
      propertyPath: m_LocalEulerAnglesHint.z
      value: 0
      objectReference: {fileID: 0}
    - target: {fileID: 6432113534139437417, guid: e699be60c7e6d434d8195fd5b0b0742d, type: 3}
      propertyPath: unityEvent.m_PersistentCalls.m_Calls.Array.size
      value: 1
      objectReference: {fileID: 0}
    - target: {fileID: 6432113534139437417, guid: e699be60c7e6d434d8195fd5b0b0742d, type: 3}
      propertyPath: unityEvent.m_PersistentCalls.m_Calls.Array.data[0].m_Mode
      value: 1
      objectReference: {fileID: 0}
    - target: {fileID: 6432113534139437417, guid: e699be60c7e6d434d8195fd5b0b0742d, type: 3}
      propertyPath: unityEvent.m_PersistentCalls.m_Calls.Array.data[1].m_Mode
      value: 1
      objectReference: {fileID: 0}
    - target: {fileID: 6432113534139437417, guid: e699be60c7e6d434d8195fd5b0b0742d, type: 3}
      propertyPath: unityEvent.m_PersistentCalls.m_Calls.Array.data[0].m_Target
      value: 
      objectReference: {fileID: 845197102}
    - target: {fileID: 6432113534139437417, guid: e699be60c7e6d434d8195fd5b0b0742d, type: 3}
      propertyPath: unityEvent.m_PersistentCalls.m_Calls.Array.data[1].m_Target
      value: 
      objectReference: {fileID: 0}
    - target: {fileID: 6432113534139437417, guid: e699be60c7e6d434d8195fd5b0b0742d, type: 3}
      propertyPath: unityEvent.m_PersistentCalls.m_Calls.Array.data[0].m_CallState
      value: 2
      objectReference: {fileID: 0}
    - target: {fileID: 6432113534139437417, guid: e699be60c7e6d434d8195fd5b0b0742d, type: 3}
      propertyPath: unityEvent.m_PersistentCalls.m_Calls.Array.data[1].m_CallState
      value: 2
      objectReference: {fileID: 0}
    - target: {fileID: 6432113534139437417, guid: e699be60c7e6d434d8195fd5b0b0742d, type: 3}
      propertyPath: unityEvent.m_PersistentCalls.m_Calls.Array.data[0].m_MethodName
      value: ToSettingMenu
      objectReference: {fileID: 0}
    - target: {fileID: 6432113534139437417, guid: e699be60c7e6d434d8195fd5b0b0742d, type: 3}
      propertyPath: unityEvent.m_PersistentCalls.m_Calls.Array.data[1].m_MethodName
      value: 
      objectReference: {fileID: 0}
    - target: {fileID: 6432113534139437417, guid: e699be60c7e6d434d8195fd5b0b0742d, type: 3}
      propertyPath: unityEvent.m_PersistentCalls.m_Calls.Array.data[0].m_TargetAssemblyTypeName
      value: SceneHandlerManager, Assembly-CSharp
      objectReference: {fileID: 0}
    - target: {fileID: 6432113534139437417, guid: e699be60c7e6d434d8195fd5b0b0742d, type: 3}
      propertyPath: unityEvent.m_PersistentCalls.m_Calls.Array.data[1].m_TargetAssemblyTypeName
      value: SceneHandlerManager, Assembly-CSharp
      objectReference: {fileID: 0}
    - target: {fileID: 6432113534139437417, guid: e699be60c7e6d434d8195fd5b0b0742d, type: 3}
      propertyPath: unityEvent.m_PersistentCalls.m_Calls.Array.data[0].m_Arguments.m_ObjectArgumentAssemblyTypeName
      value: UnityEngine.Object, UnityEngine
      objectReference: {fileID: 0}
    - target: {fileID: 6432113534139437417, guid: e699be60c7e6d434d8195fd5b0b0742d, type: 3}
      propertyPath: unityEvent.m_PersistentCalls.m_Calls.Array.data[1].m_Arguments.m_ObjectArgumentAssemblyTypeName
      value: 
      objectReference: {fileID: 0}
    m_RemovedComponents:
    - {fileID: 6161298437321959929, guid: e699be60c7e6d434d8195fd5b0b0742d, type: 3}
  m_SourcePrefab: {fileID: 100100000, guid: e699be60c7e6d434d8195fd5b0b0742d, type: 3}
