%YAML 1.1
%TAG !u! tag:unity3d.com,2011:
--- !u!1 &3110550689342330208
GameObject:
  m_ObjectHideFlags: 0
  m_CorrespondingSourceObject: {fileID: 0}
  m_PrefabInstance: {fileID: 0}
  m_PrefabAsset: {fileID: 0}
  serializedVersion: 6
  m_Component:
  - component: {fileID: 3110550689342330209}
  - component: {fileID: 3110550689342330210}
  - component: {fileID: 3110550689342330237}
  - component: {fileID: 3110550689342330236}
  - component: {fileID: 3110550689342330211}
  - component: {fileID: 7869284301658895942}
  - component: {fileID: 3866384882954996939}
  m_Layer: 0
  m_Name: SceneHandler
  m_TagString: Untagged
  m_Icon: {fileID: 0}
  m_NavMeshLayer: 0
  m_StaticEditorFlags: 0
  m_IsActive: 1
--- !u!4 &3110550689342330209
Transform:
  m_ObjectHideFlags: 0
  m_CorrespondingSourceObject: {fileID: 0}
  m_PrefabInstance: {fileID: 0}
  m_PrefabAsset: {fileID: 0}
  m_GameObject: {fileID: 3110550689342330208}
  m_LocalRotation: {x: 0, y: 0, z: 0, w: 1}
  m_LocalPosition: {x: 0, y: 0, z: 0}
  m_LocalScale: {x: 1, y: 1, z: 1}
  m_Children: []
  m_Father: {fileID: 0}
  m_RootOrder: 0
  m_LocalEulerAnglesHint: {x: 0, y: 0, z: 0}
--- !u!114 &3110550689342330210
MonoBehaviour:
  m_ObjectHideFlags: 0
  m_CorrespondingSourceObject: {fileID: 0}
  m_PrefabInstance: {fileID: 0}
  m_PrefabAsset: {fileID: 0}
  m_GameObject: {fileID: 3110550689342330208}
  m_Enabled: 1
  m_EditorHideFlags: 0
  m_Script: {fileID: 11500000, guid: d16d725d5c8f2e143ba968cc6510f4c1, type: 3}
  m_Name: 
  m_EditorClassIdentifier: 
  CurrentState: 0
  stateMainConfig: {fileID: 0}
  stateLevelConfig: {fileID: 0}
  stateSettingConfig: {fileID: 0}
  stateScoreMenuConfig: {fileID: 0}
--- !u!114 &3110550689342330237
MonoBehaviour:
  m_ObjectHideFlags: 0
  m_CorrespondingSourceObject: {fileID: 0}
  m_PrefabInstance: {fileID: 0}
  m_PrefabAsset: {fileID: 0}
  m_GameObject: {fileID: 3110550689342330208}
  m_Enabled: 1
  m_EditorHideFlags: 0
  m_Script: {fileID: 11500000, guid: f1023c5eb5d756f49b3833089f0ab807, type: 3}
  m_Name: 
  m_EditorClassIdentifier: 
--- !u!114 &3110550689342330236
MonoBehaviour:
  m_ObjectHideFlags: 0
  m_CorrespondingSourceObject: {fileID: 0}
  m_PrefabInstance: {fileID: 0}
  m_PrefabAsset: {fileID: 0}
  m_GameObject: {fileID: 3110550689342330208}
  m_Enabled: 1
  m_EditorHideFlags: 0
  m_Script: {fileID: 11500000, guid: d5d11acb7b9f4104e865bf72012b075c, type: 3}
  m_Name: 
  m_EditorClassIdentifier: 
--- !u!114 &3110550689342330211
MonoBehaviour:
  m_ObjectHideFlags: 0
  m_CorrespondingSourceObject: {fileID: 0}
  m_PrefabInstance: {fileID: 0}
  m_PrefabAsset: {fileID: 0}
  m_GameObject: {fileID: 3110550689342330208}
  m_Enabled: 1
  m_EditorHideFlags: 0
  m_Script: {fileID: 11500000, guid: 0f8fe605bae1e1846ba795b6c758ca7f, type: 3}
  m_Name: 
  m_EditorClassIdentifier: 
--- !u!114 &7869284301658895942
MonoBehaviour:
  m_ObjectHideFlags: 0
  m_CorrespondingSourceObject: {fileID: 0}
  m_PrefabInstance: {fileID: 0}
  m_PrefabAsset: {fileID: 0}
  m_GameObject: {fileID: 3110550689342330208}
  m_Enabled: 1
  m_EditorHideFlags: 0
  m_Script: {fileID: 11500000, guid: ce5af3ffa25ba474aada9e54bc9fcc31, type: 3}
  m_Name: 
  m_EditorClassIdentifier: 
--- !u!114 &3866384882954996939
MonoBehaviour:
  m_ObjectHideFlags: 0
  m_CorrespondingSourceObject: {fileID: 0}
  m_PrefabInstance: {fileID: 0}
  m_PrefabAsset: {fileID: 0}
  m_GameObject: {fileID: 3110550689342330208}
  m_Enabled: 1
  m_EditorHideFlags: 0
  m_Script: {fileID: 11500000, guid: 0173d1b7f93e6824baaf8becb853f622, type: 3}
  m_Name: 
  m_EditorClassIdentifier: 
